%YAML 1.1
%TAG !u! tag:unity3d.com,2011:
--- !u!29 &1
SceneSettings:
  m_ObjectHideFlags: 0
  m_PVSData: 
  m_PVSObjectsArray: []
  m_PVSPortalsArray: []
  m_OcclusionBakeSettings:
    smallestOccluder: 5
    smallestHole: 0.25
    backfaceThreshold: 100
--- !u!104 &2
RenderSettings:
  m_ObjectHideFlags: 0
  serializedVersion: 6
  m_Fog: 0
  m_FogColor: {r: 0.5, g: 0.5, b: 0.5, a: 1}
  m_FogMode: 3
  m_FogDensity: 0.01
  m_LinearFogStart: 0
  m_LinearFogEnd: 300
  m_AmbientSkyColor: {r: 0.99264705, g: 0.5693123, b: 0.5693123, a: 1}
  m_AmbientEquatorColor: {r: 0.57688147, g: 0.8088235, b: 0.6264691, a: 1}
  m_AmbientGroundColor: {r: 0.43382353, g: 0.6251522, b: 1, a: 1}
  m_AmbientIntensity: 0.59
  m_AmbientMode: 1
  m_SkyboxMaterial: {fileID: 10302, guid: 0000000000000000f000000000000000, type: 0}
  m_HaloStrength: 0.5
  m_FlareStrength: 1
  m_FlareFadeSpeed: 3
  m_HaloTexture: {fileID: 0}
  m_SpotCookie: {fileID: 10001, guid: 0000000000000000e000000000000000, type: 0}
  m_DefaultReflectionMode: 1
  m_DefaultReflectionResolution: 128
  m_ReflectionBounces: 3
  m_ReflectionIntensity: 1
  m_CustomReflection: {fileID: 8900000, guid: 94bcd46ec40cb4047a26331814da23a5, type: 3}
  m_Sun: {fileID: 0}
--- !u!157 &3
LightmapSettings:
  m_ObjectHideFlags: 0
  serializedVersion: 6
  m_GIWorkflowMode: 0
  m_LightmapsMode: 1
  m_GISettings:
    serializedVersion: 2
    m_BounceScale: 1
    m_IndirectOutputScale: 1
    m_AlbedoBoost: 1
    m_TemporalCoherenceThreshold: 1
    m_EnvironmentLightingMode: 0
    m_EnableBakedLightmaps: 1
    m_EnableRealtimeLightmaps: 1
  m_LightmapEditorSettings:
    serializedVersion: 3
    m_Resolution: 2
    m_BakeResolution: 40
    m_TextureWidth: 1024
    m_TextureHeight: 1024
    m_AOMaxDistance: 1
    m_Padding: 2
    m_CompAOExponent: 0
    m_LightmapParameters: {fileID: 0}
    m_TextureCompression: 1
    m_FinalGather: 0
    m_FinalGatherRayCount: 1024
    m_ReflectionCompression: 2
  m_LightingDataAsset: {fileID: 0}
  m_RuntimeCPUUsage: 25
--- !u!196 &4
NavMeshSettings:
  serializedVersion: 2
  m_ObjectHideFlags: 0
  m_BuildSettings:
    serializedVersion: 2
    agentRadius: 0.5
    agentHeight: 2
    agentSlope: 45
    agentClimb: 0.4
    ledgeDropHeight: 0
    maxJumpAcrossDistance: 0
    accuratePlacement: 0
    minRegionArea: 2
    cellSize: 0.16666667
    manualCellSize: 0
  m_NavMeshData: {fileID: 0}
--- !u!1001 &1877515
Prefab:
  m_ObjectHideFlags: 0
  serializedVersion: 2
  m_Modification:
    m_TransformParent: {fileID: 0}
    m_Modifications:
    - target: {fileID: 429998, guid: 26bee24e7c5fdba4f8bf7c4d0b03ea2b, type: 2}
      propertyPath: m_LocalPosition.x
      value: -0.1
      objectReference: {fileID: 0}
    - target: {fileID: 429998, guid: 26bee24e7c5fdba4f8bf7c4d0b03ea2b, type: 2}
      propertyPath: m_LocalPosition.y
      value: 0.58
      objectReference: {fileID: 0}
    - target: {fileID: 429998, guid: 26bee24e7c5fdba4f8bf7c4d0b03ea2b, type: 2}
      propertyPath: m_LocalPosition.z
      value: -6.19
      objectReference: {fileID: 0}
    - target: {fileID: 429998, guid: 26bee24e7c5fdba4f8bf7c4d0b03ea2b, type: 2}
      propertyPath: m_LocalRotation.x
      value: 0
      objectReference: {fileID: 0}
    - target: {fileID: 429998, guid: 26bee24e7c5fdba4f8bf7c4d0b03ea2b, type: 2}
      propertyPath: m_LocalRotation.y
      value: 0
      objectReference: {fileID: 0}
    - target: {fileID: 429998, guid: 26bee24e7c5fdba4f8bf7c4d0b03ea2b, type: 2}
      propertyPath: m_LocalRotation.z
      value: 0
      objectReference: {fileID: 0}
    - target: {fileID: 429998, guid: 26bee24e7c5fdba4f8bf7c4d0b03ea2b, type: 2}
      propertyPath: m_LocalRotation.w
      value: 1
      objectReference: {fileID: 0}
    - target: {fileID: 429998, guid: 26bee24e7c5fdba4f8bf7c4d0b03ea2b, type: 2}
      propertyPath: m_RootOrder
      value: 7
      objectReference: {fileID: 0}
    m_RemovedComponents: []
  m_ParentPrefab: {fileID: 100100000, guid: 26bee24e7c5fdba4f8bf7c4d0b03ea2b, type: 2}
  m_IsPrefabParent: 0
--- !u!1 &12288768
GameObject:
  m_ObjectHideFlags: 0
  m_PrefabParentObject: {fileID: 100010, guid: 0e529127be85b3b4c853b55ca2fcd676, type: 3}
  m_PrefabInternal: {fileID: 0}
  serializedVersion: 4
  m_Component:
  - 4: {fileID: 12288769}
  - 33: {fileID: 12288771}
  - 23: {fileID: 12288770}
  m_Layer: 0
  m_Name: Cube_010
  m_TagString: Untagged
  m_Icon: {fileID: 0}
  m_NavMeshLayer: 0
  m_StaticEditorFlags: 0
  m_IsActive: 1
--- !u!4 &12288769
Transform:
  m_ObjectHideFlags: 0
  m_PrefabParentObject: {fileID: 400010, guid: 0e529127be85b3b4c853b55ca2fcd676, type: 3}
  m_PrefabInternal: {fileID: 0}
  m_GameObject: {fileID: 12288768}
  m_LocalRotation: {x: -0.30798754, y: -0.21616521, z: 0.86547583, w: -0.33070806}
  m_LocalPosition: {x: 0.05977584, y: 0.31922764, z: 0.6617516}
  m_LocalScale: {x: 0.37316763, y: 0.37316766, z: 0.37316763}
  m_Children: []
  m_Father: {fileID: 643801235}
  m_RootOrder: 5
--- !u!23 &12288770
MeshRenderer:
  m_ObjectHideFlags: 0
  m_PrefabParentObject: {fileID: 2300010, guid: 0e529127be85b3b4c853b55ca2fcd676,
    type: 3}
  m_PrefabInternal: {fileID: 0}
  m_GameObject: {fileID: 12288768}
  m_Enabled: 1
  m_CastShadows: 1
  m_ReceiveShadows: 1
  m_Materials:
  - {fileID: 2100000, guid: 18b8e917ebfab3e4dbecdad8ef9aa73f, type: 2}
  m_SubsetIndices: 
  m_StaticBatchRoot: {fileID: 0}
  m_UseLightProbes: 1
  m_ReflectionProbeUsage: 1
  m_ProbeAnchor: {fileID: 0}
  m_ScaleInLightmap: 1
  m_PreserveUVs: 0
  m_IgnoreNormalsForChartDetection: 0
  m_ImportantGI: 0
  m_MinimumChartSize: 4
  m_AutoUVMaxDistance: 0.5
  m_AutoUVMaxAngle: 89
  m_LightmapParameters: {fileID: 0}
  m_SortingLayerID: 0
  m_SortingOrder: 0
--- !u!33 &12288771
MeshFilter:
  m_ObjectHideFlags: 0
  m_PrefabParentObject: {fileID: 3300010, guid: 0e529127be85b3b4c853b55ca2fcd676,
    type: 3}
  m_PrefabInternal: {fileID: 0}
  m_GameObject: {fileID: 12288768}
  m_Mesh: {fileID: 4300010, guid: 0e529127be85b3b4c853b55ca2fcd676, type: 3}
--- !u!1 &254270377
GameObject:
  m_ObjectHideFlags: 0
  m_PrefabParentObject: {fileID: 0}
  m_PrefabInternal: {fileID: 0}
  serializedVersion: 4
  m_Component:
  - 4: {fileID: 254270382}
  - 20: {fileID: 254270381}
  - 124: {fileID: 254270380}
  - 92: {fileID: 254270379}
  - 81: {fileID: 254270378}
  m_Layer: 0
  m_Name: cam_MODEL3D
  m_TagString: Untagged
  m_Icon: {fileID: 0}
  m_NavMeshLayer: 0
  m_StaticEditorFlags: 0
  m_IsActive: 1
--- !u!81 &254270378
AudioListener:
  m_ObjectHideFlags: 0
  m_PrefabParentObject: {fileID: 0}
  m_PrefabInternal: {fileID: 0}
  m_GameObject: {fileID: 254270377}
  m_Enabled: 1
--- !u!92 &254270379
Behaviour:
  m_ObjectHideFlags: 0
  m_PrefabParentObject: {fileID: 0}
  m_PrefabInternal: {fileID: 0}
  m_GameObject: {fileID: 254270377}
  m_Enabled: 1
--- !u!124 &254270380
Behaviour:
  m_ObjectHideFlags: 0
  m_PrefabParentObject: {fileID: 0}
  m_PrefabInternal: {fileID: 0}
  m_GameObject: {fileID: 254270377}
  m_Enabled: 1
--- !u!20 &254270381
Camera:
  m_ObjectHideFlags: 0
  m_PrefabParentObject: {fileID: 0}
  m_PrefabInternal: {fileID: 0}
  m_GameObject: {fileID: 254270377}
  m_Enabled: 1
  serializedVersion: 2
  m_ClearFlags: 1
  m_BackGroundColor: {r: 0.19215687, g: 0.3019608, b: 0.4745098, a: 0.019607844}
  m_NormalizedViewPortRect:
    serializedVersion: 2
    x: 0
    y: 0
    width: 1
    height: 1
  near clip plane: 0.3
  far clip plane: 1000
  field of view: 13.909543
  orthographic: 0
  orthographic size: 5
  m_Depth: 0
  m_CullingMask:
    serializedVersion: 2
    m_Bits: 4294967295
  m_RenderingPath: -1
  m_TargetTexture: {fileID: 0}
  m_TargetDisplay: 1
  m_TargetEye: 3
  m_HDR: 0
  m_OcclusionCulling: 1
  m_StereoConvergence: 10
  m_StereoSeparation: 0.022
  m_StereoMirrorMode: 0
--- !u!4 &254270382
Transform:
  m_ObjectHideFlags: 0
  m_PrefabParentObject: {fileID: 0}
  m_PrefabInternal: {fileID: 0}
  m_GameObject: {fileID: 254270377}
  m_LocalRotation: {x: 0.028117256, y: -0.04091932, z: 0.0011519629, w: 0.99876606}
  m_LocalPosition: {x: -0.37626603, y: 4.3727407, z: -20.180115}
  m_LocalScale: {x: 1, y: 1, z: 1}
  m_Children: []
  m_Father: {fileID: 0}
  m_RootOrder: 8
--- !u!1 &283485497
GameObject:
  m_ObjectHideFlags: 0
  m_PrefabParentObject: {fileID: 100012, guid: 0e529127be85b3b4c853b55ca2fcd676, type: 3}
  m_PrefabInternal: {fileID: 0}
  serializedVersion: 4
  m_Component:
  - 4: {fileID: 283485498}
  - 33: {fileID: 283485500}
  - 23: {fileID: 283485499}
  m_Layer: 0
  m_Name: Cube_015
  m_TagString: Untagged
  m_Icon: {fileID: 0}
  m_NavMeshLayer: 0
  m_StaticEditorFlags: 0
  m_IsActive: 1
--- !u!4 &283485498
Transform:
  m_ObjectHideFlags: 0
  m_PrefabParentObject: {fileID: 400012, guid: 0e529127be85b3b4c853b55ca2fcd676, type: 3}
  m_PrefabInternal: {fileID: 0}
  m_GameObject: {fileID: 283485497}
  m_LocalRotation: {x: 0.35932523, y: -0.33323342, z: -0.5743504, w: 0.6557152}
  m_LocalPosition: {x: -0.7298175, y: 0.13488796, z: 0.15542926}
  m_LocalScale: {x: 0.99999994, y: 0.9999999, z: 1}
  m_Children: []
  m_Father: {fileID: 643801235}
  m_RootOrder: 6
--- !u!23 &283485499
MeshRenderer:
  m_ObjectHideFlags: 0
  m_PrefabParentObject: {fileID: 2300012, guid: 0e529127be85b3b4c853b55ca2fcd676,
    type: 3}
  m_PrefabInternal: {fileID: 0}
  m_GameObject: {fileID: 283485497}
  m_Enabled: 1
  m_CastShadows: 1
  m_ReceiveShadows: 1
  m_Materials:
  - {fileID: 2100000, guid: a62aa10780807474681b27ba32421552, type: 2}
  m_SubsetIndices: 
  m_StaticBatchRoot: {fileID: 0}
  m_UseLightProbes: 1
  m_ReflectionProbeUsage: 1
  m_ProbeAnchor: {fileID: 0}
  m_ScaleInLightmap: 1
  m_PreserveUVs: 0
  m_IgnoreNormalsForChartDetection: 0
  m_ImportantGI: 0
  m_MinimumChartSize: 4
  m_AutoUVMaxDistance: 0.5
  m_AutoUVMaxAngle: 89
  m_LightmapParameters: {fileID: 0}
  m_SortingLayerID: 0
  m_SortingOrder: 0
--- !u!33 &283485500
MeshFilter:
  m_ObjectHideFlags: 0
  m_PrefabParentObject: {fileID: 3300012, guid: 0e529127be85b3b4c853b55ca2fcd676,
    type: 3}
  m_PrefabInternal: {fileID: 0}
  m_GameObject: {fileID: 283485497}
  m_Mesh: {fileID: 4300008, guid: 0e529127be85b3b4c853b55ca2fcd676, type: 3}
--- !u!1 &371313479
GameObject:
  m_ObjectHideFlags: 0
  m_PrefabParentObject: {fileID: 0}
  m_PrefabInternal: {fileID: 0}
  serializedVersion: 4
  m_Component:
  - 4: {fileID: 371313484}
  - 20: {fileID: 371313483}
  - 124: {fileID: 371313482}
  - 92: {fileID: 371313481}
  - 81: {fileID: 371313480}
  m_Layer: 0
  m_Name: cam_TEKSTY
  m_TagString: Untagged
  m_Icon: {fileID: 0}
  m_NavMeshLayer: 0
  m_StaticEditorFlags: 0
  m_IsActive: 1
--- !u!81 &371313480
AudioListener:
  m_ObjectHideFlags: 0
  m_PrefabParentObject: {fileID: 0}
  m_PrefabInternal: {fileID: 0}
  m_GameObject: {fileID: 371313479}
  m_Enabled: 1
--- !u!92 &371313481
Behaviour:
  m_ObjectHideFlags: 0
  m_PrefabParentObject: {fileID: 0}
  m_PrefabInternal: {fileID: 0}
  m_GameObject: {fileID: 371313479}
  m_Enabled: 1
--- !u!124 &371313482
Behaviour:
  m_ObjectHideFlags: 0
  m_PrefabParentObject: {fileID: 0}
  m_PrefabInternal: {fileID: 0}
  m_GameObject: {fileID: 371313479}
  m_Enabled: 1
--- !u!20 &371313483
Camera:
  m_ObjectHideFlags: 0
  m_PrefabParentObject: {fileID: 0}
  m_PrefabInternal: {fileID: 0}
  m_GameObject: {fileID: 371313479}
  m_Enabled: 1
  serializedVersion: 2
  m_ClearFlags: 1
  m_BackGroundColor: {r: 0.19215687, g: 0.3019608, b: 0.4745098, a: 0.019607844}
  m_NormalizedViewPortRect:
    serializedVersion: 2
    x: 0
    y: 0
    width: 1
    height: 1
  near clip plane: 0.3
  far clip plane: 1000
  field of view: 35
  orthographic: 0
  orthographic size: 5
  m_Depth: 0
  m_CullingMask:
    serializedVersion: 2
    m_Bits: 4294967295
  m_RenderingPath: -1
  m_TargetTexture: {fileID: 0}
  m_TargetDisplay: 2
  m_TargetEye: 3
  m_HDR: 0
  m_OcclusionCulling: 1
  m_StereoConvergence: 10
  m_StereoSeparation: 0.022
  m_StereoMirrorMode: 0
--- !u!4 &371313484
Transform:
  m_ObjectHideFlags: 0
  m_PrefabParentObject: {fileID: 0}
  m_PrefabInternal: {fileID: 0}
  m_GameObject: {fileID: 371313479}
  m_LocalRotation: {x: 0, y: 0, z: 0, w: 1}
  m_LocalPosition: {x: 0.05, y: 1.01, z: -8.92}
  m_LocalScale: {x: 1, y: 1, z: 1}
  m_Children: []
  m_Father: {fileID: 0}
  m_RootOrder: 9
--- !u!1 &410780370
GameObject:
  m_ObjectHideFlags: 0
  m_PrefabParentObject: {fileID: 0}
  m_PrefabInternal: {fileID: 0}
  serializedVersion: 4
  m_Component:
  - 4: {fileID: 410780371}
  m_Layer: 0
  m_Name: Empty_cam_MODELE3d_poi
  m_TagString: Untagged
  m_Icon: {fileID: 0}
  m_NavMeshLayer: 0
  m_StaticEditorFlags: 0
  m_IsActive: 1
--- !u!4 &410780371
Transform:
  m_ObjectHideFlags: 0
  m_PrefabParentObject: {fileID: 0}
  m_PrefabInternal: {fileID: 0}
  m_GameObject: {fileID: 410780370}
  m_LocalRotation: {x: 0, y: 0, z: 0, w: 1}
  m_LocalPosition: {x: -1.44, y: 3.64, z: -7.22}
  m_LocalScale: {x: 1, y: 1, z: 1}
  m_Children: []
  m_Father: {fileID: 0}
  m_RootOrder: 11
--- !u!1 &426749287
GameObject:
  m_ObjectHideFlags: 0
  m_PrefabParentObject: {fileID: 100008, guid: 0e529127be85b3b4c853b55ca2fcd676, type: 3}
  m_PrefabInternal: {fileID: 0}
  serializedVersion: 4
  m_Component:
  - 4: {fileID: 426749288}
  - 33: {fileID: 426749290}
  - 23: {fileID: 426749289}
  m_Layer: 0
  m_Name: _WODA
  m_TagString: Untagged
  m_Icon: {fileID: 0}
  m_NavMeshLayer: 0
  m_StaticEditorFlags: 0
  m_IsActive: 1
--- !u!4 &426749288
Transform:
  m_ObjectHideFlags: 0
  m_PrefabParentObject: {fileID: 400008, guid: 0e529127be85b3b4c853b55ca2fcd676, type: 3}
  m_PrefabInternal: {fileID: 0}
  m_GameObject: {fileID: 426749287}
  m_LocalRotation: {x: -0.7071068, y: 0, z: -0, w: 0.7071068}
  m_LocalPosition: {x: 0.71137893, y: 0.045967236, z: 0.84785706}
  m_LocalScale: {x: 1, y: 1, z: 1}
  m_Children: []
  m_Father: {fileID: 643801235}
  m_RootOrder: 4
--- !u!23 &426749289
MeshRenderer:
  m_ObjectHideFlags: 0
  m_PrefabParentObject: {fileID: 2300008, guid: 0e529127be85b3b4c853b55ca2fcd676,
    type: 3}
  m_PrefabInternal: {fileID: 0}
  m_GameObject: {fileID: 426749287}
  m_Enabled: 1
  m_CastShadows: 1
  m_ReceiveShadows: 1
  m_Materials:
  - {fileID: 2100000, guid: 792e5e8753db3be46a15f65c048e9ae8, type: 2}
  m_SubsetIndices: 
  m_StaticBatchRoot: {fileID: 0}
  m_UseLightProbes: 1
  m_ReflectionProbeUsage: 1
  m_ProbeAnchor: {fileID: 0}
  m_ScaleInLightmap: 1
  m_PreserveUVs: 0
  m_IgnoreNormalsForChartDetection: 0
  m_ImportantGI: 0
  m_MinimumChartSize: 4
  m_AutoUVMaxDistance: 0.5
  m_AutoUVMaxAngle: 89
  m_LightmapParameters: {fileID: 0}
  m_SortingLayerID: 0
  m_SortingOrder: 0
--- !u!33 &426749290
MeshFilter:
  m_ObjectHideFlags: 0
  m_PrefabParentObject: {fileID: 3300008, guid: 0e529127be85b3b4c853b55ca2fcd676,
    type: 3}
  m_PrefabInternal: {fileID: 0}
  m_GameObject: {fileID: 426749287}
  m_Mesh: {fileID: 4300006, guid: 0e529127be85b3b4c853b55ca2fcd676, type: 3}
--- !u!1 &488508896
GameObject:
  m_ObjectHideFlags: 0
  m_PrefabParentObject: {fileID: 100002, guid: 0e529127be85b3b4c853b55ca2fcd676, type: 3}
  m_PrefabInternal: {fileID: 0}
  serializedVersion: 4
  m_Component:
  - 4: {fileID: 488508897}
  - 33: {fileID: 488508899}
  - 23: {fileID: 488508898}
  m_Layer: 0
  m_Name: _KOPIEC
  m_TagString: Untagged
  m_Icon: {fileID: 0}
  m_NavMeshLayer: 0
  m_StaticEditorFlags: 0
  m_IsActive: 1
--- !u!4 &488508897
Transform:
  m_ObjectHideFlags: 0
  m_PrefabParentObject: {fileID: 400002, guid: 0e529127be85b3b4c853b55ca2fcd676, type: 3}
  m_PrefabInternal: {fileID: 0}
  m_GameObject: {fileID: 488508896}
  m_LocalRotation: {x: -0.7071068, y: 0, z: -0, w: 0.7071068}
  m_LocalPosition: {x: 0.027529499, y: -0.419271, z: -0.000000050503644}
  m_LocalScale: {x: 1, y: 1, z: 1}
  m_Children: []
  m_Father: {fileID: 643801235}
  m_RootOrder: 1
--- !u!23 &488508898
MeshRenderer:
  m_ObjectHideFlags: 0
  m_PrefabParentObject: {fileID: 2300002, guid: 0e529127be85b3b4c853b55ca2fcd676,
    type: 3}
  m_PrefabInternal: {fileID: 0}
  m_GameObject: {fileID: 488508896}
  m_Enabled: 1
  m_CastShadows: 1
  m_ReceiveShadows: 1
  m_Materials:
  - {fileID: 2100000, guid: df1d4204527c95349a73419b4ef956a0, type: 2}
  m_SubsetIndices: 
  m_StaticBatchRoot: {fileID: 0}
  m_UseLightProbes: 1
  m_ReflectionProbeUsage: 1
  m_ProbeAnchor: {fileID: 0}
  m_ScaleInLightmap: 1
  m_PreserveUVs: 0
  m_IgnoreNormalsForChartDetection: 0
  m_ImportantGI: 0
  m_MinimumChartSize: 4
  m_AutoUVMaxDistance: 0.5
  m_AutoUVMaxAngle: 89
  m_LightmapParameters: {fileID: 0}
  m_SortingLayerID: 0
  m_SortingOrder: 0
--- !u!33 &488508899
MeshFilter:
  m_ObjectHideFlags: 0
  m_PrefabParentObject: {fileID: 3300002, guid: 0e529127be85b3b4c853b55ca2fcd676,
    type: 3}
  m_PrefabInternal: {fileID: 0}
  m_GameObject: {fileID: 488508896}
  m_Mesh: {fileID: 4300016, guid: 0e529127be85b3b4c853b55ca2fcd676, type: 3}
--- !u!1 &643801233
GameObject:
  m_ObjectHideFlags: 0
  m_PrefabParentObject: {fileID: 100020, guid: 0e529127be85b3b4c853b55ca2fcd676, type: 3}
  m_PrefabInternal: {fileID: 0}
  serializedVersion: 4
  m_Component:
  - 4: {fileID: 643801235}
  - 95: {fileID: 643801234}
  m_Layer: 0
  m_Name: Raj_FONTANNA_ZYCIA_do_UNITY
  m_TagString: Untagged
  m_Icon: {fileID: 0}
  m_NavMeshLayer: 0
  m_StaticEditorFlags: 0
  m_IsActive: 1
--- !u!95 &643801234
Animator:
  serializedVersion: 3
  m_ObjectHideFlags: 0
  m_PrefabParentObject: {fileID: 9500000, guid: 0e529127be85b3b4c853b55ca2fcd676,
    type: 3}
  m_PrefabInternal: {fileID: 0}
  m_GameObject: {fileID: 643801233}
  m_Enabled: 1
  m_Avatar: {fileID: 9000000, guid: 0e529127be85b3b4c853b55ca2fcd676, type: 3}
  m_Controller: {fileID: 0}
  m_CullingMode: 0
  m_UpdateMode: 0
  m_ApplyRootMotion: 0
  m_LinearVelocityBlending: 0
  m_WarningMessage: 
  m_HasTransformHierarchy: 1
  m_AllowConstantClipSamplingOptimization: 1
--- !u!4 &643801235
Transform:
  m_ObjectHideFlags: 0
  m_PrefabParentObject: {fileID: 400020, guid: 0e529127be85b3b4c853b55ca2fcd676, type: 3}
  m_PrefabInternal: {fileID: 0}
  m_GameObject: {fileID: 643801233}
  m_LocalRotation: {x: -4.820026e-10, y: 0.9996151, z: -1.1428632e-11, w: -0.027747111}
  m_LocalPosition: {x: 0.12, y: 0.8580246, z: -1.29}
  m_LocalScale: {x: 1, y: 1, z: 1}
  m_Children:
  - {fileID: 2038341554}
  - {fileID: 488508897}
  - {fileID: 1105274208}
  - {fileID: 2081459082}
  - {fileID: 426749288}
  - {fileID: 12288769}
  - {fileID: 283485498}
  - {fileID: 1273356285}
  - {fileID: 840264452}
  - {fileID: 1415090896}
  m_Father: {fileID: 0}
  m_RootOrder: 3
--- !u!1 &828290765
GameObject:
  m_ObjectHideFlags: 0
  m_PrefabParentObject: {fileID: 0}
  m_PrefabInternal: {fileID: 0}
  serializedVersion: 4
  m_Component:
  - 4: {fileID: 828290767}
  - 108: {fileID: 828290766}
  m_Layer: 0
  m_Name: Directional Light
  m_TagString: Untagged
  m_Icon: {fileID: 0}
  m_NavMeshLayer: 0
  m_StaticEditorFlags: 0
  m_IsActive: 1
--- !u!108 &828290766
Light:
  m_ObjectHideFlags: 0
  m_PrefabParentObject: {fileID: 0}
  m_PrefabInternal: {fileID: 0}
  m_GameObject: {fileID: 828290765}
  m_Enabled: 1
  serializedVersion: 6
  m_Type: 1
  m_Color: {r: 1, g: 0.95686275, b: 0.8392157, a: 1}
  m_Intensity: 1.58
  m_Range: 10
  m_SpotAngle: 30
  m_CookieSize: 10
  m_Shadows:
    m_Type: 2
    m_Resolution: -1
    m_Strength: 1
    m_Bias: 0.05
    m_NormalBias: 0.4
    m_NearPlane: 0.2
  m_Cookie: {fileID: 0}
  m_DrawHalo: 0
  m_Flare: {fileID: 0}
  m_RenderMode: 0
  m_CullingMask:
    serializedVersion: 2
    m_Bits: 4294967295
  m_Lightmapping: 4
  m_BounceIntensity: 1
  m_ShadowRadius: 0
  m_ShadowAngle: 0
  m_AreaSize: {x: 1, y: 1}
--- !u!4 &828290767
Transform:
  m_ObjectHideFlags: 0
  m_PrefabParentObject: {fileID: 0}
  m_PrefabInternal: {fileID: 0}
  m_GameObject: {fileID: 828290765}
  m_LocalRotation: {x: 0.40821794, y: -0.23456973, z: 0.109381676, w: 0.87542605}
  m_LocalPosition: {x: 3.11, y: 10.71, z: -6.53}
  m_LocalScale: {x: 1, y: 1, z: 1}
  m_Children: []
  m_Father: {fileID: 0}
  m_RootOrder: 4
--- !u!1 &840264451
GameObject:
  m_ObjectHideFlags: 0
  m_PrefabParentObject: {fileID: 100016, guid: 0e529127be85b3b4c853b55ca2fcd676, type: 3}
  m_PrefabInternal: {fileID: 0}
  serializedVersion: 4
  m_Component:
  - 4: {fileID: 840264452}
  - 33: {fileID: 840264454}
  - 23: {fileID: 840264453}
  m_Layer: 0
  m_Name: Cylinder_007
  m_TagString: Untagged
  m_Icon: {fileID: 0}
  m_NavMeshLayer: 0
  m_StaticEditorFlags: 0
  m_IsActive: 1
--- !u!4 &840264452
Transform:
  m_ObjectHideFlags: 0
  m_PrefabParentObject: {fileID: 400016, guid: 0e529127be85b3b4c853b55ca2fcd676, type: 3}
  m_PrefabInternal: {fileID: 0}
  m_GameObject: {fileID: 840264451}
  m_LocalRotation: {x: -0.5403656, y: 0.21855052, z: 0.604191, w: 0.54331756}
  m_LocalPosition: {x: 0.003579598, y: 0.36401752, z: -0.5166315}
  m_LocalScale: {x: 1, y: 1, z: 0.99999994}
  m_Children: []
  m_Father: {fileID: 643801235}
  m_RootOrder: 8
--- !u!23 &840264453
MeshRenderer:
  m_ObjectHideFlags: 0
  m_PrefabParentObject: {fileID: 2300016, guid: 0e529127be85b3b4c853b55ca2fcd676,
    type: 3}
  m_PrefabInternal: {fileID: 0}
  m_GameObject: {fileID: 840264451}
  m_Enabled: 1
  m_CastShadows: 1
  m_ReceiveShadows: 1
  m_Materials:
  - {fileID: 2100000, guid: 06ed1e206828fdc41821f3adda303bd1, type: 2}
  - {fileID: 2100000, guid: b4b98cb49d430a04eb230fb9e40914bc, type: 2}
  - {fileID: 2100000, guid: 4daf8c995d5f8744ea6d69c7af8cbf5b, type: 2}
  m_SubsetIndices: 
  m_StaticBatchRoot: {fileID: 0}
  m_UseLightProbes: 1
  m_ReflectionProbeUsage: 1
  m_ProbeAnchor: {fileID: 0}
  m_ScaleInLightmap: 1
  m_PreserveUVs: 0
  m_IgnoreNormalsForChartDetection: 0
  m_ImportantGI: 0
  m_MinimumChartSize: 4
  m_AutoUVMaxDistance: 0.5
  m_AutoUVMaxAngle: 89
  m_LightmapParameters: {fileID: 0}
  m_SortingLayerID: 0
  m_SortingOrder: 0
--- !u!33 &840264454
MeshFilter:
  m_ObjectHideFlags: 0
  m_PrefabParentObject: {fileID: 3300016, guid: 0e529127be85b3b4c853b55ca2fcd676,
    type: 3}
  m_PrefabInternal: {fileID: 0}
  m_GameObject: {fileID: 840264451}
  m_Mesh: {fileID: 4300000, guid: 0e529127be85b3b4c853b55ca2fcd676, type: 3}
--- !u!1001 &856095894
Prefab:
  m_ObjectHideFlags: 0
  serializedVersion: 2
  m_Modification:
    m_TransformParent: {fileID: 0}
    m_Modifications:
    - target: {fileID: 400022, guid: c279fee316111f14eac271849c53dc1e, type: 3}
      propertyPath: m_LocalPosition.x
      value: 0.11048321
      objectReference: {fileID: 0}
    - target: {fileID: 400022, guid: c279fee316111f14eac271849c53dc1e, type: 3}
      propertyPath: m_LocalPosition.y
      value: 0.8323579
      objectReference: {fileID: 0}
    - target: {fileID: 400022, guid: c279fee316111f14eac271849c53dc1e, type: 3}
      propertyPath: m_LocalPosition.z
      value: -6.547857
      objectReference: {fileID: 0}
    - target: {fileID: 400022, guid: c279fee316111f14eac271849c53dc1e, type: 3}
      propertyPath: m_LocalRotation.x
      value: 0
      objectReference: {fileID: 0}
    - target: {fileID: 400022, guid: c279fee316111f14eac271849c53dc1e, type: 3}
      propertyPath: m_LocalRotation.y
      value: 0.9997595
      objectReference: {fileID: 0}
    - target: {fileID: 400022, guid: c279fee316111f14eac271849c53dc1e, type: 3}
      propertyPath: m_LocalRotation.z
      value: 0
      objectReference: {fileID: 0}
    - target: {fileID: 400022, guid: c279fee316111f14eac271849c53dc1e, type: 3}
      propertyPath: m_LocalRotation.w
      value: -0.021933516
      objectReference: {fileID: 0}
    - target: {fileID: 400022, guid: c279fee316111f14eac271849c53dc1e, type: 3}
      propertyPath: m_RootOrder
      value: 2
      objectReference: {fileID: 0}
    - target: {fileID: 100022, guid: c279fee316111f14eac271849c53dc1e, type: 3}
      propertyPath: m_Name
      value: Raj_FONTANNA_ZYCIA_do_UNITY (1)
      objectReference: {fileID: 0}
    - target: {fileID: 2300000, guid: c279fee316111f14eac271849c53dc1e, type: 3}
      propertyPath: m_ReceiveShadows
      value: 1
      objectReference: {fileID: 0}
    - target: {fileID: 2300000, guid: c279fee316111f14eac271849c53dc1e, type: 3}
      propertyPath: m_ReflectionProbeUsage
      value: 1
      objectReference: {fileID: 0}
    - target: {fileID: 2300000, guid: c279fee316111f14eac271849c53dc1e, type: 3}
      propertyPath: m_UseLightProbes
      value: 1
      objectReference: {fileID: 0}
    - target: {fileID: 2300000, guid: c279fee316111f14eac271849c53dc1e, type: 3}
      propertyPath: m_CastShadows
      value: 2
      objectReference: {fileID: 0}
    - target: {fileID: 400010, guid: c279fee316111f14eac271849c53dc1e, type: 3}
      propertyPath: m_LocalPosition.y
      value: -1.02
      objectReference: {fileID: 0}
    - target: {fileID: 400010, guid: c279fee316111f14eac271849c53dc1e, type: 3}
      propertyPath: m_LocalPosition.x
      value: 0.71
      objectReference: {fileID: 0}
    - target: {fileID: 400010, guid: c279fee316111f14eac271849c53dc1e, type: 3}
      propertyPath: m_LocalPosition.z
      value: 0.85
      objectReference: {fileID: 0}
    - target: {fileID: 2300018, guid: c279fee316111f14eac271849c53dc1e, type: 3}
      propertyPath: m_UseLightProbes
      value: 1
      objectReference: {fileID: 0}
    - target: {fileID: 2300018, guid: c279fee316111f14eac271849c53dc1e, type: 3}
      propertyPath: m_ReceiveShadows
      value: 1
      objectReference: {fileID: 0}
    - target: {fileID: 2300022, guid: c279fee316111f14eac271849c53dc1e, type: 3}
      propertyPath: m_CastShadows
      value: 0
      objectReference: {fileID: 0}
    - target: {fileID: 400024, guid: c279fee316111f14eac271849c53dc1e, type: 3}
      propertyPath: m_LocalPosition.y
      value: -2.93
      objectReference: {fileID: 0}
    - target: {fileID: 400024, guid: c279fee316111f14eac271849c53dc1e, type: 3}
      propertyPath: m_LocalPosition.z
      value: -0
      objectReference: {fileID: 0}
    - target: {fileID: 2300018, guid: c279fee316111f14eac271849c53dc1e, type: 3}
      propertyPath: m_ReflectionProbeUsage
      value: 1
      objectReference: {fileID: 0}
    m_RemovedComponents: []
  m_ParentPrefab: {fileID: 100100000, guid: c279fee316111f14eac271849c53dc1e, type: 3}
  m_IsPrefabParent: 0
--- !u!1 &922351742
GameObject:
  m_ObjectHideFlags: 0
  m_PrefabParentObject: {fileID: 0}
  m_PrefabInternal: {fileID: 0}
  serializedVersion: 4
  m_Component:
  - 4: {fileID: 922351744}
  - 114: {fileID: 922351743}
  m_Layer: 0
  m_Name: PathMagic Path
  m_TagString: Untagged
  m_Icon: {fileID: 0}
  m_NavMeshLayer: 0
  m_StaticEditorFlags: 0
  m_IsActive: 1
--- !u!114 &922351743
MonoBehaviour:
  m_ObjectHideFlags: 0
  m_PrefabParentObject: {fileID: 0}
  m_PrefabInternal: {fileID: 0}
  m_GameObject: {fileID: 922351742}
  m_Enabled: 1
  m_EditorHideFlags: 0
  m_Script: {fileID: 11500000, guid: 9553121615fd34b3eb74d198e87f0e43, type: 3}
  m_Name: 
  m_EditorClassIdentifier: 
  pathColor: {r: 1, g: 1, b: 1, a: 1}
  waypoints:
  - position: {x: 17.973581, y: 3.137019, z: -0.10224946}
    rotation: {x: 357.90137, y: 268.6969, z: 0}
    lookAt: {fileID: 0}
    inTangent: {x: 1.0733967, y: -0.0666039, z: 0.022934303}
    outTangent: {x: -1.0733967, y: 0.0666039, z: -0.022934303}
    symmetricTangents: 1
    velocity: 1
    inVariation: 0
    outVariation: 0
    reached:
      m_PersistentCalls:
        m_Calls: []
      m_TypeName: Jacovone.Waypoint+ReachedEvent, Assembly-CSharp, Version=0.0.0.0,
        Culture=neutral, PublicKeyToken=null
  - position: {x: 0.36695594, y: 1.0305188, z: -0.1945804}
    rotation: {x: 337.667, y: 286.06808, z: 0.0000009230077}
    lookAt: {fileID: 0}
    inTangent: {x: 1.58621, y: -0.67855334, z: -0.45684156}
    outTangent: {x: -1.58621, y: 0.67855334, z: 0.45684156}
    symmetricTangents: 1
    velocity: 0.78620315
    inVariation: 0
    outVariation: 0
    reached:
      m_PersistentCalls:
        m_Calls: []
      m_TypeName: Jacovone.Waypoint+ReachedEvent, Assembly-CSharp, Version=0.0.0.0,
        Culture=neutral, PublicKeyToken=null
  - position: {x: -3.8981512, y: 2.800411, z: 2.784033}
    rotation: {x: 342.4677, y: 311.55252, z: 0.00000044768288}
    lookAt: {fileID: 0}
    inTangent: {x: 2.8777578, y: -1.2313902, z: -2.5791967}
    outTangent: {x: -2.8777578, y: 1.2313902, z: 2.5791967}
    symmetricTangents: 1
    velocity: 0.78620315
    inVariation: 0
    outVariation: 0
    reached:
      m_PersistentCalls:
        m_Calls: []
      m_TypeName: Jacovone.Waypoint+ReachedEvent, Assembly-CSharp, Version=0.0.0.0,
        Culture=neutral, PublicKeyToken=null
  - position: {x: -11.27632, y: 3.1687772, z: 3.537495}
    rotation: {x: 7.0028133, y: 223.77469, z: 0}
    lookAt: {fileID: 0}
    inTangent: {x: 1.180747, y: 0.20485306, z: 1.224891}
    outTangent: {x: -1.180747, y: -0.20485306, z: -1.224891}
    symmetricTangents: 1
    velocity: 0.78620315
    inVariation: 0
    outVariation: 0
    reached:
      m_PersistentCalls:
        m_Calls: []
      m_TypeName: Jacovone.Waypoint+ReachedEvent, Assembly-CSharp, Version=0.0.0.0,
        Culture=neutral, PublicKeyToken=null
  - position: {x: -12.669909, y: 1.4297588, z: -1.5987829}
    rotation: {x: 19.867397, y: 160.9362, z: 0}
    lookAt: {fileID: 0}
    inTangent: {x: -0.6941185, y: 0.777159, z: 2.0355997}
    outTangent: {x: 0.6941185, y: -0.777159, z: -2.0355997}
    symmetricTangents: 1
    velocity: 0.78620315
    inVariation: 0
    outVariation: 0
    reached:
      m_PersistentCalls:
        m_Calls: []
      m_TypeName: Jacovone.Waypoint+ReachedEvent, Assembly-CSharp, Version=0.0.0.0,
        Culture=neutral, PublicKeyToken=null
  - position: {x: -8.118756, y: -0.8113692, z: -4.798192}
    rotation: {x: 19.639631, y: 83.74847, z: -0.00000090650957}
    lookAt: {fileID: 0}
    inTangent: {x: -2.2176542, y: 0.79618263, z: -0.23251295}
    outTangent: {x: 2.2176542, y: -0.79618263, z: 0.23251295}
    symmetricTangents: 1
    velocity: 0.78620315
    inVariation: 0
    outVariation: 0
    reached:
      m_PersistentCalls:
        m_Calls: []
      m_TypeName: Jacovone.Waypoint+ReachedEvent, Assembly-CSharp, Version=0.0.0.0,
        Culture=neutral, PublicKeyToken=null
  - position: {x: -4.2403917, y: -1.8442069, z: -0.8609583}
    rotation: {x: 0.74918467, y: 25.60509, z: -0.000000013341354}
    lookAt: {fileID: 0}
    inTangent: {x: -1.1005387, y: 0.042664528, z: -2.3499947}
    outTangent: {x: 1.1005387, y: -0.042664528, z: 2.3499947}
    symmetricTangents: 1
    velocity: 0.78620315
    inVariation: 0
    outVariation: 0
    reached:
      m_PersistentCalls:
        m_Calls: []
      m_TypeName: Jacovone.Waypoint+ReachedEvent, Assembly-CSharp, Version=0.0.0.0,
        Culture=neutral, PublicKeyToken=null
  - position: {x: 1.585927, y: -0.47609377, z: -0.28058353}
    rotation: {x: 352.6761, y: 89.31117, z: 0}
    lookAt: {fileID: 0}
    inTangent: {x: -2.3924196, y: -0.31468225, z: -0.021587193}
    outTangent: {x: 2.3924196, y: 0.31468225, z: 0.021587193}
    symmetricTangents: 1
    velocity: 0.78620315
    inVariation: 0
    outVariation: 0
    reached:
      m_PersistentCalls:
        m_Calls: []
      m_TypeName: Jacovone.Waypoint+ReachedEvent, Assembly-CSharp, Version=0.0.0.0,
        Culture=neutral, PublicKeyToken=null
  - position: {x: 16.232327, y: 0.008716822, z: 4.1827426}
    rotation: {x: -0.0012449295, y: 49.4302, z: 5.211021e-11}
    lookAt: {fileID: 0}
    inTangent: {x: -3.9801884, y: 0.0012657642, z: -3.4567575}
    outTangent: {x: 3.9801884, y: -0.0012657642, z: 3.4567575}
    symmetricTangents: 1
    velocity: 0.78620315
    inVariation: 0
    outVariation: 0
    reached:
      m_PersistentCalls:
        m_Calls: []
      m_TypeName: Jacovone.Waypoint+ReachedEvent, Assembly-CSharp, Version=0.0.0.0,
        Culture=neutral, PublicKeyToken=null
  target: {fileID: 254270382}
  globalLookAt: {fileID: 410780371}
  globalFollowPath: 0
  globalFollowPathBias: 0.001
  updateMode: 0
  loop: 0
  autoStart: 0
  velocityBias: 0.1
  currentPos: 0.171
  isPlaying: 0
  waypointChanged:
    m_PersistentCalls:
      m_Calls: []
    m_TypeName: Jacovone.PathMagic+WaypointChangedEvent, Assembly-CSharp, Version=0.0.0.0,
      Culture=neutral, PublicKeyToken=null
  presampledPath: 1
  samplesNum: 100
  positionSamples:
  - {x: 17.973581, y: 3.137019, z: -0.10224946}
  - {x: 17.455952, y: 3.0993996, z: -0.1168846}
  - {x: 16.480986, y: 2.9678602, z: -0.1465331}
  - {x: 15.134904, y: 2.7628162, z: -0.18648899}
  - {x: 13.503935, y: 2.504684, z: -0.23204637}
  - {x: 11.674301, y: 2.213879, z: -0.2784992}
  - {x: 9.732228, y: 1.9108186, z: -0.3211416}
  - {x: 7.7639456, y: 1.6159182, z: -0.35526773}
  - {x: 5.855673, y: 1.3495936, z: -0.37617147}
  - {x: 4.093637, y: 1.1322613, z: -0.379147}
  - {x: 2.5640638, y: 0.9843371, z: -0.3594883}
  - {x: 1.3531778, y: 0.9262372, z: -0.31248945}
  - {x: 0.54720503, y: 0.9783779, z: -0.2334445}
  - {x: 0.13965417, y: 1.127348, z: -0.12889123}
  - {x: -0.17658234, y: 1.2604407, z: -0.034080736}
  - {x: -0.44789284, y: 1.372728, z: 0.0567917}
  - {x: -0.6896696, y: 1.4711437, z: 0.1537019}
  - {x: -0.917305, y: 1.562622, z: 0.26662558}
  - {x: -1.1461911, y: 1.6540959, z: 0.40553865}
  - {x: -1.39172, y: 1.7524996, z: 0.58041686}
  - {x: -1.6692846, y: 1.8647668, z: 0.801236}
  - {x: -1.9942765, y: 1.9978312, z: 1.0779719}
  - {x: -2.3820882, y: 2.1586266, z: 1.4206004}
  - {x: -2.848112, y: 2.354087, z: 1.8390974}
  - {x: -3.40774, y: 2.5911458, z: 2.3434384}
  - {x: -4.0730777, y: 2.8727455, z: 2.9364734}
  - {x: -4.7810636, y: 3.118136, z: 3.4709022}
  - {x: -5.4961495, y: 3.2987654, z: 3.890854}
  - {x: -6.210164, y: 3.4220529, z: 4.20442}
  - {x: -6.914937, y: 3.4954143, z: 4.419693}
  - {x: -7.602297, y: 3.5262685, z: 4.544766}
  - {x: -8.264072, y: 3.522033, z: 4.58773}
  - {x: -8.892094, y: 3.490125, z: 4.556678}
  - {x: -9.478189, y: 3.4379628, z: 4.4597034}
  - {x: -10.014188, y: 3.3729637, z: 4.3048973}
  - {x: -10.491918, y: 3.3025448, z: 4.1003523}
  - {x: -10.903209, y: 3.2341247, z: 3.8541615}
  - {x: -11.23989, y: 3.1751208, z: 3.5744169}
  - {x: -11.522209, y: 3.1172297, z: 3.2680779}
  - {x: -11.789554, y: 3.0394847, z: 2.9376035}
  - {x: -12.038292, y: 2.943265, z: 2.5845423}
  - {x: -12.264222, y: 2.8302543, z: 2.2104492}
  - {x: -12.463141, y: 2.702137, z: 1.8168792}
  - {x: -12.630848, y: 2.560598, z: 1.4053867}
  - {x: -12.76314, y: 2.407321, z: 0.9775268}
  - {x: -12.855813, y: 2.2439907, z: 0.53485405}
  - {x: -12.904667, y: 2.0722914, z: 0.078923404}
  - {x: -12.905499, y: 1.8939073, z: -0.38871053}
  - {x: -12.854107, y: 1.7105229, z: -0.86649275}
  - {x: -12.746287, y: 1.5238223, z: -1.3528684}
  - {x: -12.581165, y: 1.3360738, z: -1.8423364}
  - {x: -12.376485, y: 1.1515487, z: -2.3090708}
  - {x: -12.136517, y: 0.9701799, z: -2.7460597}
  - {x: -11.862416, y: 0.7912144, z: -3.1501691}
  - {x: -11.5553465, y: 0.6138991, z: -3.518266}
  - {x: -11.216472, y: 0.43748158, z: -3.847218}
  - {x: -10.8469515, y: 0.26120877, z: -4.133892}
  - {x: -10.4479475, y: 0.08432807, z: -4.3751545}
  - {x: -10.020625, y: -0.0939133, z: -4.5678725}
  - {x: -9.566143, y: -0.27426827, z: -4.708914}
  - {x: -9.085663, y: -0.4574895, z: -4.795145}
  - {x: -8.580348, y: -0.6443298, z: -4.823433}
  - {x: -8.052043, y: -0.83531845, z: -4.7908006}
  - {x: -7.5533686, y: -1.013924, z: -4.707048}
  - {x: -7.1118064, y: -1.1705418, z: -4.579779}
  - {x: -6.7203975, y: -1.3065994, z: -4.409395}
  - {x: -6.3721824, y: -1.4235239, z: -4.196301}
  - {x: -6.0602026, y: -1.5227431, z: -3.9408958}
  - {x: -5.777501, y: -1.6056843, z: -3.6435826}
  - {x: -5.5171175, y: -1.6737751, z: -3.304763}
  - {x: -5.2720942, y: -1.7284429, z: -2.924839}
  - {x: -5.0354733, y: -1.7711151, z: -2.5042124}
  - {x: -4.8002954, y: -1.8032191, z: -2.0432854}
  - {x: -4.5596023, y: -1.8261824, z: -1.5424595}
  - {x: -4.3064356, y: -1.8414328, z: -1.0021372}
  - {x: -4.026956, y: -1.8398422, z: -0.4779731}
  - {x: -3.7028377, y: -1.7994158, z: -0.09558477}
  - {x: -3.3369212, y: -1.7250123, z: 0.15754168}
  - {x: -2.9329226, y: -1.6227108, z: 0.30025685}
  - {x: -2.494558, y: -1.4985911, z: 0.35141158}
  - {x: -2.025544, y: -1.3587319, z: 0.3298562}
  - {x: -1.5295966, y: -1.2092131, z: 0.2544415}
  - {x: -1.0104319, y: -1.056114, z: 0.14401801}
  - {x: -0.47176605, y: -0.9055135, z: 0.017436348}
  - {x: 0.08268452, y: -0.7634915, z: -0.10645286}
  - {x: 0.64920396, y: -0.6361271, z: -0.20879897}
  - {x: 1.2240757, y: -0.5294997, z: -0.2707514}
  - {x: 1.8193778, y: -0.44787753, z: -0.27592397}
  - {x: 2.5873232, y: -0.3765429, z: -0.23563375}
  - {x: 3.5414026, y: -0.31095004, z: -0.15103126}
  - {x: 4.6494017, y: -0.25119218, z: -0.017340899}
  - {x: 5.879105, y: -0.1973621, z: 0.17021297}
  - {x: 7.1983004, y: -0.1495529, z: 0.41640592}
  - {x: 8.574771, y: -0.107857496, z: 0.72601354}
  - {x: 9.976305, y: -0.07236893, z: 1.1038116}
  - {x: 11.370686, y: -0.043180183, z: 1.5545754}
  - {x: 12.725698, y: -0.02038424, z: 2.0830808}
  - {x: 14.009132, y: -0.004074105, z: 2.6941032}
  - {x: 15.188768, y: 0.0056572407, z: 3.3924184}
  - {x: 16.232327, y: 0.008716822, z: 4.1827426}
  rotationSamples:
  - {x: 0.034411304, y: -0.72474694, z: 0.036291573, w: 0.6871977}
  - {x: 0.034599837, y: -0.72491616, z: 0.036509536, w: 0.6869981}
  - {x: 0.034107596, y: -0.72527087, z: 0.036024734, w: 0.686674}
  - {x: 0.033000343, y: -0.7258438, z: 0.034907877, w: 0.6861802}
  - {x: 0.031305574, y: -0.7266893, z: 0.033189047, w: 0.6854496}
  - {x: 0.029032541, y: -0.7278893, z: 0.03087812, w: 0.6843836}
  - {x: 0.026195556, y: -0.72956276, z: 0.027988022, w: 0.6828386}
  - {x: 0.022851456, y: -0.73187613, z: 0.024572676, w: 0.6806111}
  - {x: 0.019167362, y: -0.7350502, z: 0.020797914, w: 0.67742246}
  - {x: 0.015537494, y: -0.7393473, z: 0.01707106, w: 0.6729285}
  - {x: 0.012751319, y: -0.7449939, z: 0.014246692, w: 0.6667973}
  - {x: 0.012128725, y: -0.75196856, z: 0.013841003, w: 0.65894204}
  - {x: 0.015337174, y: -0.7596127, z: 0.017924996, w: 0.64994776}
  - {x: 0.022336075, y: -0.76660204, z: 0.026705341, w: 0.641178}
  - {x: 0.028831953, y: -0.77294326, z: 0.035214964, w: 0.6328407}
  - {x: 0.03452509, y: -0.7790836, z: 0.04307217, w: 0.6244851}
  - {x: 0.039606035, y: -0.78550994, z: 0.050545093, w: 0.61550856}
  - {x: 0.044298068, y: -0.7927697, z: 0.05803377, w: 0.6051332}
  - {x: 0.048827443, y: -0.8014524, z: 0.06605928, w: 0.5923902}
  - {x: 0.05338092, y: -0.81217134, z: 0.075258106, w: 0.57607687}
  - {x: 0.058036953, y: -0.8255283, z: 0.086375624, w: 0.5546836}
  - {x: 0.06265052, y: -0.8420402, z: 0.10023529, w: 0.52630424}
  - {x: -0.06667002, y: 0.86197853, z: -0.117622085, w: -0.4885828}
  - {x: -0.06890457, y: 0.885071, z: -0.13896629, w: -0.4388506}
  - {x: -0.06741214, y: 0.9100627, z: -0.16370434, w: -0.37475654}
  - {x: -0.0600298, y: 0.93422157, z: -0.18925492, w: -0.29632592}
  - {x: -0.04780587, y: 0.9521428, z: -0.20834322, w: -0.21847612}
  - {x: -0.033525914, y: 0.9638043, z: -0.21993941, w: -0.14691511}
  - {x: -0.01884635, y: 0.97066385, z: -0.22556406, w: -0.081101}
  - {x: -0.004735797, y: 0.97377, z: -0.22657284, w: -0.020353619}
  - {x: 0.00826958, y: 0.9738685, z: -0.224099, w: 0.035937168}
  - {x: 0.019899298, y: 0.9715028, z: -0.21908979, w: 0.088238806}
  - {x: 0.03005508, y: 0.9670915, z: -0.2123611, w: 0.13687071}
  - {x: 0.038762867, y: 0.96098137, z: -0.2046425, w: 0.18202665}
  - {x: 0.046148703, y: 0.9534814, z: -0.19660817, w: 0.2238052}
  - {x: 0.052425183, y: 0.94488186, z: -0.18889631, w: 0.26223698}
  - {x: 0.05788189, y: 0.9354629, z: -0.18212488, w: 0.2973035}
  - {x: 0.062878005, y: 0.92549723, z: -0.17690973, w: 0.32894418}
  - {x: 0.067574054, y: 0.91491085, z: -0.17235677, w: 0.3586992}
  - {x: 0.07165144, y: 0.90324557, z: -0.16636376, w: 0.38902006}
  - {x: 0.074963175, y: 0.8904495, z: -0.15902491, w: 0.4197514}
  - {x: 0.07738488, y: 0.87647897, z: -0.15048325, w: 0.45072272}
  - {x: 0.07881561, y: 0.8612855, z: -0.14089637, w: 0.48179206}
  - {x: 0.07917932, y: 0.8448074, z: -0.13042945, w: 0.51285416}
  - {x: 0.078423224, y: 0.8269579, z: -0.119247854, w: 0.54384786}
  - {x: 0.07651313, y: 0.8076112, z: -0.10751035, w: 0.57476205}
  - {x: 0.07342568, y: 0.7865855, z: -0.09536314, w: 0.6056384}
  - {x: 0.0691385, y: 0.7636201, z: -0.08293707, w: 0.6365735}
  - {x: 0.06361858, y: 0.7383478, z: -0.07034809, w: 0.6677173}
  - {x: 0.05680976, y: 0.7102593, z: -0.057702772, w: 0.6992673}
  - {x: 0.048615314, y: 0.6789376, z: -0.045140997, w: 0.73119265}
  - {x: 0.038914282, y: 0.6455581, z: -0.03296749, w: 0.7620063}
  - {x: 0.027663762, y: 0.61042666, z: -0.021340398, w: 0.7913019}
  - {x: 0.014824494, y: 0.57358795, z: -0.010383067, w: 0.81894404}
  - {x: 0.0003387503, y: 0.53504294, z: -0.00021453682, w: 0.84482473}
  - {x: -0.015883563, y: 0.49472392, z: 0.009044029, w: 0.868858}
  - {x: -0.03397863, y: 0.4524642, z: 0.017255519, w: 0.8909679}
  - {x: -0.05413907, y: 0.40796667, z: 0.02424291, w: 0.9110678}
  - {x: -0.07661607, y: 0.36076403, z: 0.02975185, w: 0.92902863}
  - {x: -0.101703815, y: 0.31017426, z: 0.033394843, w: 0.94463384}
  - {x: -0.12968718, y: 0.25525227, z: 0.03457177, w: 0.95751363}
  - {x: -0.16071838, y: 0.19475009, z: 0.032366235, w: 0.96705455}
  - {x: -0.1945216, y: 0.12720408, z: 0.025449341, w: 0.9722823}
  - {x: -0.22680645, y: 0.0583119, z: 0.013605133, w: 0.97209746}
  - {x: -0.25505278, y: -0.0074203857, z: -0.001957386, w: 0.9668967}
  - {x: -0.27955762, y: -0.07047892, z: -0.020581387, w: 0.9573175}
  - {x: -0.30068538, y: -0.13220167, z: -0.042128135, w: 0.94357634}
  - {x: -0.31842256, y: -0.19448324, z: -0.06692246, w: 0.92536736}
  - {x: -0.33201185, y: -0.259481, z: -0.09552798, w: 0.90183824}
  - {x: -0.33967873, y: -0.32920265, z: -0.128288, w: 0.87165713}
  - {x: -0.33865777, y: -0.40477017, z: -0.16449805, w: 0.8333142}
  - {x: -0.32601255, y: -0.48531947, z: -0.20132172, w: 0.7859074}
  - {x: -0.30057353, y: -0.5671677, z: -0.23339628, w: 0.7304126}
  - {x: -0.26485372, y: -0.6445785, z: -0.2546237, w: 0.6704758}
  - {x: -0.22454366, y: -0.71231043, z: -0.26162675, w: 0.61134726}
  - {x: -0.18749195, y: -0.763152, z: -0.25370273, w: 0.5639864}
  - {x: -0.16038387, y: -0.7913597, z: -0.23445404, w: 0.5413485}
  - {x: -0.14066653, y: -0.80508393, z: -0.21123382, w: 0.53612787}
  - {x: -0.12532799, y: -0.8095238, z: -0.18713011, w: 0.54216826}
  - {x: -0.112315096, y: -0.8077856, z: -0.16343638, w: 0.55511826}
  - {x: -0.10044388, y: -0.80193436, z: -0.14086697, w: 0.57181185}
  - {x: -0.08916888, y: -0.7935364, z: -0.11995421, w: 0.5898813}
  - {x: -0.078376584, y: -0.78389674, z: -0.10112332, w: 0.60756654}
  - {x: -0.0682074, y: -0.77413684, z: -0.08467115, w: 0.6236111}
  - {x: -0.058909614, y: -0.76520246, z: -0.0707465, w: 0.63717335}
  - {x: -0.05073609, y: -0.75785524, z: -0.05936185, w: 0.64773256}
  - {x: -0.043886088, y: -0.75267434, z: -0.0504312, w: 0.6549901}
  - {x: -0.038364872, y: -0.749917, z: -0.043659493, w: 0.6589739}
  - {x: -0.033139978, y: -0.7482699, z: -0.03748673, w: 0.6615048}
  - {x: -0.028267123, y: -0.7475133, z: -0.03187617, w: 0.66287917}
  - {x: -0.023970991, y: -0.7477106, z: -0.027032055, w: 0.66304123}
  - {x: -0.020322813, y: -0.74883354, z: -0.022986876, w: 0.6620475}
  - {x: -0.017300745, y: -0.75081605, z: -0.019681588, w: 0.6599913}
  - {x: -0.014838414, y: -0.75358886, z: -0.01702097, w: 0.6569581}
  - {x: -0.012855457, y: -0.7570972, z: -0.014904666, w: 0.65300566}
  - {x: -0.011273592, y: -0.7613083, z: -0.01324167, w: 0.6481568}
  - {x: -0.010023551, y: -0.76621276, z: -0.011955484, w: 0.6423975}
  - {x: -0.009047071, y: -0.77182484, z: -0.010984771, w: 0.63567597}
  - {x: -0.008296455, y: -0.77818114, z: -0.01028211, w: 0.6279009}
  - {x: -0.0077331895, y: -0.78534, z: -0.009812253, w: 0.6189386}
  velocitySamples:
  - 1
  - 0.99603724
  - 0.98505205
  - 0.9683978
  - 0.9474284
  - 0.92349756
  - 0.89795905
  - 0.8721669
  - 0.8474746
  - 0.8252359
  - 0.80680484
  - 0.793535
  - 0.78678024
  - 0.78620315
  - 0.7862032
  - 0.7862032
  - 0.7862031
  - 0.7862032
  - 0.7862032
  - 0.78620315
  - 0.78620315
  - 0.78620315
  - 0.78620315
  - 0.78620315
  - 0.78620315
  - 0.7862032
  - 0.7862032
  - 0.78620315
  - 0.78620315
  - 0.78620315
  - 0.78620315
  - 0.7862032
  - 0.78620315
  - 0.78620315
  - 0.78620315
  - 0.7862031
  - 0.78620315
  - 0.78620315
  - 0.78620315
  - 0.7862032
  - 0.78620315
  - 0.78620315
  - 0.78620315
  - 0.78620315
  - 0.78620315
  - 0.78620315
  - 0.78620315
  - 0.7862032
  - 0.7862032
  - 0.78620315
  - 0.7862031
  - 0.78620315
  - 0.7862031
  - 0.78620315
  - 0.7862031
  - 0.78620315
  - 0.7862031
  - 0.7862031
  - 0.7862031
  - 0.78620315
  - 0.78620315
  - 0.78620315
  - 0.7862032
  - 0.78620315
  - 0.78620315
  - 0.78620315
  - 0.7862032
  - 0.7862031
  - 0.78620315
  - 0.78620315
  - 0.78620315
  - 0.78620315
  - 0.78620315
  - 0.78620315
  - 0.78620315
  - 0.78620315
  - 0.78620315
  - 0.78620315
  - 0.7862031
  - 0.78620315
  - 0.78620315
  - 0.78620315
  - 0.78620315
  - 0.78620315
  - 0.78620315
  - 0.7862032
  - 0.78620315
  - 0.7862032
  - 0.78620315
  - 0.7862031
  - 0.7862032
  - 0.78620315
  - 0.78620315
  - 0.78620315
  - 0.78620315
  - 0.78620315
  - 0.7862031
  - 0.78620315
  - 0.78620315
  - 0.78620315
  waypointSamples: 00000000000000000000000000000000000000000000000000000000000000000000000000000000000000000000000000000000010000000100000001000000010000000100000001000000010000000100000001000000010000000100000001000000020000000200000002000000020000000200000002000000020000000200000002000000020000000200000002000000020000000300000003000000030000000300000003000000030000000300000003000000030000000300000003000000030000000400000004000000040000000400000004000000040000000400000004000000040000000400000004000000040000000500000005000000050000000500000005000000050000000500000005000000050000000500000005000000050000000500000006000000060000000600000006000000060000000600000006000000060000000600000006000000060000000600000007000000070000000700000007000000070000000700000007000000070000000700000007000000070000000700000008000000
  samplesDistances:
  - 0
  - 0.51920116
  - 0.98424613
  - 1.3621951
  - 1.6518981
  - 1.8531824
  - 1.9660394
  - 1.9905446
  - 1.9268811
  - 1.7753909
  - 1.5368351
  - 1.2131897
  - 0.8115164
  - 0.446342
  - 0.355961
  - 0.30736887
  - 0.27844793
  - 0.27007017
  - 0.28293672
  - 0.3170964
  - 0.37203103
  - 0.4471115
  - 0.54189235
  - 0.6561424
  - 0.7897722
  - 0.9346994
  - 0.9203666
  - 0.84872514
  - 0.789519
  - 0.7405601
  - 0.69932735
  - 0.6631823
  - 0.62959754
  - 0.5963499
  - 0.56167966
  - 0.5244266
  - 0.48420203
  - 0.44169316
  - 0.42059368
  - 0.43212345
  - 0.44247168
  - 0.45139948
  - 0.45921707
  - 0.4663527
  - 0.47334874
  - 0.48085785
  - 0.4896326
  - 0.5005028
  - 0.51434124
  - 0.5320183
  - 0.5496305
  - 0.54201895
  - 0.5305079
  - 0.5200616
  - 0.5111045
  - 0.5041515
  - 0.49979922
  - 0.49869683
  - 0.50151235
  - 0.5088954
  - 0.52140874
  - 0.5394929
  - 0.56271464
  - 0.53627473
  - 0.48549318
  - 0.44804385
  - 0.42465782
  - 0.41522
  - 0.41856244
  - 0.43270618
  - 0.45537594
  - 0.48449677
  - 0.5184526
  - 0.55613583
  - 0.59688705
  - 0.59401965
  - 0.5028994
  - 0.4511139
  - 0.4405089
  - 0.45846042
  - 0.48989746
  - 0.5234568
  - 0.5524171
  - 0.5734669
  - 0.58560586
  - 0.58961064
  - 0.5879498
  - 0.6008939
  - 0.7723031
  - 0.9600664
  - 1.1176342
  - 1.2450882
  - 1.3428227
  - 1.4114767
  - 1.4519947
  - 1.4657207
  - 1.4546125
  - 1.4215544
  - 1.3708683
  - 1.3090589
  totalDistance: 71.98928
--- !u!4 &922351744
Transform:
  m_ObjectHideFlags: 0
  m_PrefabParentObject: {fileID: 0}
  m_PrefabInternal: {fileID: 0}
  m_GameObject: {fileID: 922351742}
  m_LocalRotation: {x: 0, y: 0.7071068, z: 0, w: 0.7071068}
  m_LocalPosition: {x: 0, y: 3.03, z: -14.38}
  m_LocalScale: {x: 1, y: 1, z: 1}
  m_Children: []
  m_Father: {fileID: 0}
  m_RootOrder: 10
--- !u!1 &1105274207
GameObject:
  m_ObjectHideFlags: 0
  m_PrefabParentObject: {fileID: 100004, guid: 0e529127be85b3b4c853b55ca2fcd676, type: 3}
  m_PrefabInternal: {fileID: 0}
  serializedVersion: 4
  m_Component:
  - 4: {fileID: 1105274208}
  - 33: {fileID: 1105274210}
  - 23: {fileID: 1105274209}
  m_Layer: 0
  m_Name: _KRYSZTALOWEKUE
  m_TagString: Untagged
  m_Icon: {fileID: 0}
  m_NavMeshLayer: 0
  m_StaticEditorFlags: 0
  m_IsActive: 1
--- !u!4 &1105274208
Transform:
  m_ObjectHideFlags: 0
  m_PrefabParentObject: {fileID: 400004, guid: 0e529127be85b3b4c853b55ca2fcd676, type: 3}
  m_PrefabInternal: {fileID: 0}
  m_GameObject: {fileID: 1105274207}
  m_LocalRotation: {x: -0.7071068, y: 0, z: -0, w: 0.7071068}
  m_LocalPosition: {x: -0.283, y: -0.03, z: 5.251}
  m_LocalScale: {x: 1, y: 1, z: 1}
  m_Children: []
  m_Father: {fileID: 643801235}
  m_RootOrder: 2
--- !u!23 &1105274209
MeshRenderer:
  m_ObjectHideFlags: 0
  m_PrefabParentObject: {fileID: 2300004, guid: 0e529127be85b3b4c853b55ca2fcd676,
    type: 3}
  m_PrefabInternal: {fileID: 0}
  m_GameObject: {fileID: 1105274207}
  m_Enabled: 1
  m_CastShadows: 0
  m_ReceiveShadows: 0
  m_Materials:
  - {fileID: 2100000, guid: 4daf8c995d5f8744ea6d69c7af8cbf5b, type: 2}
  m_SubsetIndices: 
  m_StaticBatchRoot: {fileID: 0}
  m_UseLightProbes: 1
  m_ReflectionProbeUsage: 0
  m_ProbeAnchor: {fileID: 1105274208}
  m_ScaleInLightmap: 1
  m_PreserveUVs: 0
  m_IgnoreNormalsForChartDetection: 0
  m_ImportantGI: 0
  m_MinimumChartSize: 4
  m_AutoUVMaxDistance: 0.5
  m_AutoUVMaxAngle: 89
  m_LightmapParameters: {fileID: 0}
  m_SortingLayerID: 0
  m_SortingOrder: 0
--- !u!33 &1105274210
MeshFilter:
  m_ObjectHideFlags: 0
  m_PrefabParentObject: {fileID: 3300004, guid: 0e529127be85b3b4c853b55ca2fcd676,
    type: 3}
  m_PrefabInternal: {fileID: 0}
  m_GameObject: {fileID: 1105274207}
  m_Mesh: {fileID: 4300022, guid: c279fee316111f14eac271849c53dc1e, type: 3}
--- !u!1 &1273356284
GameObject:
  m_ObjectHideFlags: 0
  m_PrefabParentObject: {fileID: 100014, guid: 0e529127be85b3b4c853b55ca2fcd676, type: 3}
  m_PrefabInternal: {fileID: 0}
  serializedVersion: 4
  m_Component:
  - 4: {fileID: 1273356285}
  - 33: {fileID: 1273356287}
  - 23: {fileID: 1273356286}
  m_Layer: 0
  m_Name: Cylinder_005
  m_TagString: Untagged
  m_Icon: {fileID: 0}
  m_NavMeshLayer: 0
  m_StaticEditorFlags: 0
  m_IsActive: 1
--- !u!4 &1273356285
Transform:
  m_ObjectHideFlags: 0
  m_PrefabParentObject: {fileID: 400014, guid: 0e529127be85b3b4c853b55ca2fcd676, type: 3}
  m_PrefabInternal: {fileID: 0}
  m_GameObject: {fileID: 1273356284}
  m_LocalRotation: {x: 0.6586552, y: 0.20767282, z: -0.6310772, w: -0.35325214}
  m_LocalPosition: {x: -0.064581156, y: 0.042798784, z: 0.90589}
  m_LocalScale: {x: 1, y: 1, z: 0.99999994}
  m_Children: []
  m_Father: {fileID: 643801235}
  m_RootOrder: 7
--- !u!23 &1273356286
MeshRenderer:
  m_ObjectHideFlags: 0
  m_PrefabParentObject: {fileID: 2300014, guid: 0e529127be85b3b4c853b55ca2fcd676,
    type: 3}
  m_PrefabInternal: {fileID: 0}
  m_GameObject: {fileID: 1273356284}
  m_Enabled: 1
  m_CastShadows: 1
  m_ReceiveShadows: 1
  m_Materials:
  - {fileID: 2100000, guid: a62aa10780807474681b27ba32421552, type: 2}
  m_SubsetIndices: 
  m_StaticBatchRoot: {fileID: 0}
  m_UseLightProbes: 1
  m_ReflectionProbeUsage: 1
  m_ProbeAnchor: {fileID: 0}
  m_ScaleInLightmap: 1
  m_PreserveUVs: 0
  m_IgnoreNormalsForChartDetection: 0
  m_ImportantGI: 0
  m_MinimumChartSize: 4
  m_AutoUVMaxDistance: 0.5
  m_AutoUVMaxAngle: 89
  m_LightmapParameters: {fileID: 0}
  m_SortingLayerID: 0
  m_SortingOrder: 0
--- !u!33 &1273356287
MeshFilter:
  m_ObjectHideFlags: 0
  m_PrefabParentObject: {fileID: 3300014, guid: 0e529127be85b3b4c853b55ca2fcd676,
    type: 3}
  m_PrefabInternal: {fileID: 0}
  m_GameObject: {fileID: 1273356284}
  m_Mesh: {fileID: 4300014, guid: 0e529127be85b3b4c853b55ca2fcd676, type: 3}
--- !u!1 &1415090895
GameObject:
  m_ObjectHideFlags: 0
  m_PrefabParentObject: {fileID: 100018, guid: 0e529127be85b3b4c853b55ca2fcd676, type: 3}
  m_PrefabInternal: {fileID: 0}
  serializedVersion: 4
  m_Component:
  - 4: {fileID: 1415090896}
  - 33: {fileID: 1415090898}
  - 23: {fileID: 1415090897}
  m_Layer: 0
  m_Name: Icosphere_015
  m_TagString: Untagged
  m_Icon: {fileID: 0}
  m_NavMeshLayer: 0
  m_StaticEditorFlags: 0
  m_IsActive: 1
--- !u!4 &1415090896
Transform:
  m_ObjectHideFlags: 0
  m_PrefabParentObject: {fileID: 400018, guid: 0e529127be85b3b4c853b55ca2fcd676, type: 3}
  m_PrefabInternal: {fileID: 0}
  m_GameObject: {fileID: 1415090895}
  m_LocalRotation: {x: -0.7071068, y: 0, z: -0, w: 0.7071068}
  m_LocalPosition: {x: 0.118763894, y: 0.3163751, z: 0.67593706}
  m_LocalScale: {x: 1, y: 1, z: 1}
  m_Children: []
  m_Father: {fileID: 643801235}
  m_RootOrder: 9
--- !u!23 &1415090897
MeshRenderer:
  m_ObjectHideFlags: 0
  m_PrefabParentObject: {fileID: 2300018, guid: 0e529127be85b3b4c853b55ca2fcd676,
    type: 3}
  m_PrefabInternal: {fileID: 0}
  m_GameObject: {fileID: 1415090895}
  m_Enabled: 1
  m_CastShadows: 1
  m_ReceiveShadows: 1
  m_Materials:
  - {fileID: 2100000, guid: cffcba76dbb0ac847a5056fe2cf6eb33, type: 2}
  m_SubsetIndices: 
  m_StaticBatchRoot: {fileID: 0}
  m_UseLightProbes: 1
  m_ReflectionProbeUsage: 1
  m_ProbeAnchor: {fileID: 0}
  m_ScaleInLightmap: 1
  m_PreserveUVs: 0
  m_IgnoreNormalsForChartDetection: 0
  m_ImportantGI: 0
  m_MinimumChartSize: 4
  m_AutoUVMaxDistance: 0.5
  m_AutoUVMaxAngle: 89
  m_LightmapParameters: {fileID: 0}
  m_SortingLayerID: 0
  m_SortingOrder: 0
--- !u!33 &1415090898
MeshFilter:
  m_ObjectHideFlags: 0
  m_PrefabParentObject: {fileID: 3300018, guid: 0e529127be85b3b4c853b55ca2fcd676,
    type: 3}
  m_PrefabInternal: {fileID: 0}
  m_GameObject: {fileID: 1415090895}
  m_Mesh: {fileID: 4300012, guid: 0e529127be85b3b4c853b55ca2fcd676, type: 3}
--- !u!1 &1637096378
GameObject:
  m_ObjectHideFlags: 0
  m_PrefabParentObject: {fileID: 0}
  m_PrefabInternal: {fileID: 0}
  serializedVersion: 4
  m_Component:
  - 4: {fileID: 1637096380}
  - 108: {fileID: 1637096379}
  m_Layer: 0
  m_Name: Directional light
  m_TagString: Untagged
  m_Icon: {fileID: 0}
  m_NavMeshLayer: 0
  m_StaticEditorFlags: 0
  m_IsActive: 1
--- !u!108 &1637096379
Light:
  m_ObjectHideFlags: 0
  m_PrefabParentObject: {fileID: 0}
  m_PrefabInternal: {fileID: 0}
  m_GameObject: {fileID: 1637096378}
  m_Enabled: 1
  serializedVersion: 6
  m_Type: 1
  m_Color: {r: 0.7152898, g: 0.9008323, b: 0.99264705, a: 1}
  m_Intensity: 0.19
  m_Range: 10
  m_SpotAngle: 30
  m_CookieSize: 10
  m_Shadows:
    m_Type: 0
    m_Resolution: -1
    m_Strength: 1
    m_Bias: 0.05
    m_NormalBias: 0.4
    m_NearPlane: 0.2
  m_Cookie: {fileID: 0}
  m_DrawHalo: 0
  m_Flare: {fileID: 0}
  m_RenderMode: 0
  m_CullingMask:
    serializedVersion: 2
    m_Bits: 4294967295
  m_Lightmapping: 4
  m_BounceIntensity: 0.81
  m_ShadowRadius: 0
  m_ShadowAngle: 0
  m_AreaSize: {x: 1, y: 1}
--- !u!4 &1637096380
Transform:
  m_ObjectHideFlags: 0
  m_PrefabParentObject: {fileID: 0}
  m_PrefabInternal: {fileID: 0}
  m_GameObject: {fileID: 1637096378}
  m_LocalRotation: {x: -0.12225326, y: 0.5837965, z: -0.5504591, w: 0.5841494}
  m_LocalPosition: {x: -6.58, y: 7.84, z: -10.06}
  m_LocalScale: {x: 1, y: 1, z: 1}
  m_Children: []
  m_Father: {fileID: 0}
  m_RootOrder: 5
--- !u!1 &1656637760
GameObject:
  m_ObjectHideFlags: 0
  m_PrefabParentObject: {fileID: 0}
  m_PrefabInternal: {fileID: 0}
  serializedVersion: 4
  m_Component:
  - 4: {fileID: 1656637761}
  m_Layer: 0
  m_Name: GameObject (1)
  m_TagString: Untagged
  m_Icon: {fileID: 0}
  m_NavMeshLayer: 0
  m_StaticEditorFlags: 0
  m_IsActive: 1
--- !u!4 &1656637761
Transform:
  m_ObjectHideFlags: 0
  m_PrefabParentObject: {fileID: 0}
  m_PrefabInternal: {fileID: 0}
  m_GameObject: {fileID: 1656637760}
  m_LocalRotation: {x: 0, y: 0, z: 0, w: 1}
  m_LocalPosition: {x: -0.46484375, y: 2.9, z: -6.88}
  m_LocalScale: {x: 1, y: 1, z: 1}
  m_Children: []
  m_Father: {fileID: 0}
  m_RootOrder: 12
--- !u!1001 &1699834043
Prefab:
  m_ObjectHideFlags: 0
  serializedVersion: 2
  m_Modification:
    m_TransformParent: {fileID: 0}
    m_Modifications:
    - target: {fileID: 400000, guid: 780611a67e8e941a2b3aa96e5915a793, type: 2}
      propertyPath: m_LocalPosition.x
      value: 0.010002
      objectReference: {fileID: 0}
    - target: {fileID: 400000, guid: 780611a67e8e941a2b3aa96e5915a793, type: 2}
      propertyPath: m_LocalPosition.y
      value: 0.84
      objectReference: {fileID: 0}
    - target: {fileID: 400000, guid: 780611a67e8e941a2b3aa96e5915a793, type: 2}
      propertyPath: m_LocalPosition.z
      value: -6.6
      objectReference: {fileID: 0}
    - target: {fileID: 400000, guid: 780611a67e8e941a2b3aa96e5915a793, type: 2}
      propertyPath: m_LocalRotation.x
      value: 0
      objectReference: {fileID: 0}
    - target: {fileID: 400000, guid: 780611a67e8e941a2b3aa96e5915a793, type: 2}
      propertyPath: m_LocalRotation.y
      value: 0
      objectReference: {fileID: 0}
    - target: {fileID: 400000, guid: 780611a67e8e941a2b3aa96e5915a793, type: 2}
      propertyPath: m_LocalRotation.z
      value: 0
      objectReference: {fileID: 0}
    - target: {fileID: 400000, guid: 780611a67e8e941a2b3aa96e5915a793, type: 2}
      propertyPath: m_LocalRotation.w
      value: 1
      objectReference: {fileID: 0}
    - target: {fileID: 400000, guid: 780611a67e8e941a2b3aa96e5915a793, type: 2}
      propertyPath: m_RootOrder
      value: 1
      objectReference: {fileID: 0}
    - target: {fileID: 400000, guid: 780611a67e8e941a2b3aa96e5915a793, type: 2}
      propertyPath: m_LocalScale.z
      value: 7.442063
      objectReference: {fileID: 0}
    - target: {fileID: 400000, guid: 780611a67e8e941a2b3aa96e5915a793, type: 2}
      propertyPath: m_LocalScale.x
      value: 7.6767287
      objectReference: {fileID: 0}
    - target: {fileID: 400000, guid: 780611a67e8e941a2b3aa96e5915a793, type: 2}
      propertyPath: m_LocalScale.y
      value: 0.47979578
      objectReference: {fileID: 0}
    m_RemovedComponents: []
  m_ParentPrefab: {fileID: 100100000, guid: 780611a67e8e941a2b3aa96e5915a793, type: 2}
  m_IsPrefabParent: 0
--- !u!1 &1776218501
GameObject:
  m_ObjectHideFlags: 0
  m_PrefabParentObject: {fileID: 0}
  m_PrefabInternal: {fileID: 0}
  serializedVersion: 4
  m_Component:
  - 4: {fileID: 1776218503}
  - 108: {fileID: 1776218502}
  m_Layer: 0
  m_Name: Spotlight
  m_TagString: Untagged
  m_Icon: {fileID: 0}
  m_NavMeshLayer: 0
  m_StaticEditorFlags: 0
  m_IsActive: 1
--- !u!108 &1776218502
Light:
  m_ObjectHideFlags: 0
  m_PrefabParentObject: {fileID: 0}
  m_PrefabInternal: {fileID: 0}
  m_GameObject: {fileID: 1776218501}
  m_Enabled: 1
  serializedVersion: 6
  m_Type: 0
  m_Color: {r: 1, g: 1, b: 1, a: 1}
  m_Intensity: 8
  m_Range: 17.379898
  m_SpotAngle: 52
  m_CookieSize: 10
  m_Shadows:
    m_Type: 0
    m_Resolution: -1
    m_Strength: 1
    m_Bias: 0.05
    m_NormalBias: 0.4
    m_NearPlane: 0.2
  m_Cookie: {fileID: 0}
  m_DrawHalo: 0
  m_Flare: {fileID: 0}
  m_RenderMode: 0
  m_CullingMask:
    serializedVersion: 2
    m_Bits: 4294967295
  m_Lightmapping: 4
  m_BounceIntensity: 1
  m_ShadowRadius: 0
  m_ShadowAngle: 0
  m_AreaSize: {x: 1, y: 1}
--- !u!4 &1776218503
Transform:
  m_ObjectHideFlags: 0
  m_PrefabParentObject: {fileID: 0}
  m_PrefabInternal: {fileID: 0}
  m_GameObject: {fileID: 1776218501}
  m_LocalRotation: {x: 0.9008087, y: -0.03596982, z: 0.42598632, w: 0.07606328}
  m_LocalPosition: {x: -8.76, y: 4.41, z: 1.18}
  m_LocalScale: {x: 1, y: 1.0843403, z: 1}
  m_Children: []
  m_Father: {fileID: 0}
  m_RootOrder: 6
--- !u!1 &1821919835
GameObject:
  m_ObjectHideFlags: 0
  m_PrefabParentObject: {fileID: 0}
  m_PrefabInternal: {fileID: 0}
  serializedVersion: 4
  m_Component:
  - 4: {fileID: 1821919840}
  - 20: {fileID: 1821919839}
  - 92: {fileID: 1821919838}
  - 124: {fileID: 1821919837}
  - 81: {fileID: 1821919836}
  - 114: {fileID: 1821919841}
  - 114: {fileID: 1821919842}
  m_Layer: 0
  m_Name: cam_OBRAZ
  m_TagString: MainCamera
  m_Icon: {fileID: 0}
  m_NavMeshLayer: 0
  m_StaticEditorFlags: 0
  m_IsActive: 1
--- !u!81 &1821919836
AudioListener:
  m_ObjectHideFlags: 0
  m_PrefabParentObject: {fileID: 0}
  m_PrefabInternal: {fileID: 0}
  m_GameObject: {fileID: 1821919835}
  m_Enabled: 1
--- !u!124 &1821919837
Behaviour:
  m_ObjectHideFlags: 0
  m_PrefabParentObject: {fileID: 0}
  m_PrefabInternal: {fileID: 0}
  m_GameObject: {fileID: 1821919835}
  m_Enabled: 1
--- !u!92 &1821919838
Behaviour:
  m_ObjectHideFlags: 0
  m_PrefabParentObject: {fileID: 0}
  m_PrefabInternal: {fileID: 0}
  m_GameObject: {fileID: 1821919835}
  m_Enabled: 1
--- !u!20 &1821919839
Camera:
  m_ObjectHideFlags: 0
  m_PrefabParentObject: {fileID: 0}
  m_PrefabInternal: {fileID: 0}
  m_GameObject: {fileID: 1821919835}
  m_Enabled: 1
  serializedVersion: 2
  m_ClearFlags: 1
  m_BackGroundColor: {r: 0.19215687, g: 0.3019608, b: 0.4745098, a: 0.019607844}
  m_NormalizedViewPortRect:
    serializedVersion: 2
    x: 0
    y: 0
    width: 1
    height: 1
  near clip plane: 0.3
  far clip plane: 1000
  field of view: 11
  orthographic: 0
  orthographic size: 5
  m_Depth: -1
  m_CullingMask:
    serializedVersion: 2
    m_Bits: 4294967295
  m_RenderingPath: -1
  m_TargetTexture: {fileID: 0}
  m_TargetDisplay: 0
  m_TargetEye: 3
  m_HDR: 0
  m_OcclusionCulling: 1
  m_StereoConvergence: 10
  m_StereoSeparation: 0.022
  m_StereoMirrorMode: 0
--- !u!4 &1821919840
Transform:
  m_ObjectHideFlags: 0
  m_PrefabParentObject: {fileID: 0}
  m_PrefabInternal: {fileID: 0}
  m_GameObject: {fileID: 1821919835}
  m_LocalRotation: {x: 0.11380526, y: -0.19782236, z: 0.023130002, w: 0.9733344}
  m_LocalPosition: {x: 4.828, y: 4.003, z: -17.245}
  m_LocalScale: {x: 1, y: 1, z: 1}
  m_Children: []
  m_Father: {fileID: 0}
  m_RootOrder: 0
--- !u!114 &1821919841
MonoBehaviour:
  m_ObjectHideFlags: 0
  m_PrefabParentObject: {fileID: 0}
  m_PrefabInternal: {fileID: 0}
  m_GameObject: {fileID: 1821919835}
  m_Enabled: 1
  m_EditorHideFlags: 0
  m_Script: {fileID: 11500000, guid: 24da5ec2e2649b4479402c91cfe381fd, type: 3}
  m_Name: 
  m_EditorClassIdentifier: 
--- !u!114 &1821919842
MonoBehaviour:
  m_ObjectHideFlags: 0
  m_PrefabParentObject: {fileID: 0}
  m_PrefabInternal: {fileID: 0}
  m_GameObject: {fileID: 1821919835}
  m_Enabled: 1
  m_EditorHideFlags: 0
  m_Script: {fileID: 11500000, guid: cadd54e4832aeef4b9359f44cbe335cd, type: 3}
  m_Name: 
  m_EditorClassIdentifier: 
  rotationRange: {x: 70, y: 70}
  rotationSpeed: 2
  dampingTime: 0.2
  autoZeroVerticalOnMobile: 1
  autoZeroHorizontalOnMobile: 0
  relative: 1
--- !u!1 &2038341553
GameObject:
  m_ObjectHideFlags: 0
  m_PrefabParentObject: {fileID: 100000, guid: 0e529127be85b3b4c853b55ca2fcd676, type: 3}
  m_PrefabInternal: {fileID: 0}
  serializedVersion: 4
  m_Component:
  - 4: {fileID: 2038341554}
  - 33: {fileID: 2038341556}
  - 23: {fileID: 2038341555}
  m_Layer: 0
  m_Name: _FONTANNA
  m_TagString: Untagged
  m_Icon: {fileID: 0}
  m_NavMeshLayer: 0
  m_StaticEditorFlags: 0
  m_IsActive: 1
--- !u!4 &2038341554
Transform:
  m_ObjectHideFlags: 0
  m_PrefabParentObject: {fileID: 400000, guid: 0e529127be85b3b4c853b55ca2fcd676, type: 3}
  m_PrefabInternal: {fileID: 0}
  m_GameObject: {fileID: 2038341553}
  m_LocalRotation: {x: -0.7071068, y: 0, z: -0, w: 0.7071068}
  m_LocalPosition: {x: 0, y: 0.8537942, z: -0.00000003732053}
  m_LocalScale: {x: 1, y: 1, z: 1}
  m_Children: []
  m_Father: {fileID: 643801235}
  m_RootOrder: 0
--- !u!23 &2038341555
MeshRenderer:
  m_ObjectHideFlags: 0
  m_PrefabParentObject: {fileID: 2300000, guid: 0e529127be85b3b4c853b55ca2fcd676,
    type: 3}
  m_PrefabInternal: {fileID: 0}
  m_GameObject: {fileID: 2038341553}
  m_Enabled: 1
  m_CastShadows: 2
  m_ReceiveShadows: 1
  m_Materials:
  - {fileID: 2100000, guid: f252cfd035f204547bbb51eee305e5cf, type: 2}
  m_SubsetIndices: 
  m_StaticBatchRoot: {fileID: 0}
  m_UseLightProbes: 1
  m_ReflectionProbeUsage: 1
  m_ProbeAnchor: {fileID: 0}
  m_ScaleInLightmap: 1
  m_PreserveUVs: 0
  m_IgnoreNormalsForChartDetection: 0
  m_ImportantGI: 0
  m_MinimumChartSize: 4
  m_AutoUVMaxDistance: 0.5
  m_AutoUVMaxAngle: 89
  m_LightmapParameters: {fileID: 0}
  m_SortingLayerID: 0
  m_SortingOrder: 0
--- !u!33 &2038341556
MeshFilter:
  m_ObjectHideFlags: 0
  m_PrefabParentObject: {fileID: 3300000, guid: 0e529127be85b3b4c853b55ca2fcd676,
    type: 3}
  m_PrefabInternal: {fileID: 0}
  m_GameObject: {fileID: 2038341553}
  m_Mesh: {fileID: 4300018, guid: 0e529127be85b3b4c853b55ca2fcd676, type: 3}
--- !u!1 &2081459081
GameObject:
  m_ObjectHideFlags: 0
  m_PrefabParentObject: {fileID: 100006, guid: 0e529127be85b3b4c853b55ca2fcd676, type: 3}
  m_PrefabInternal: {fileID: 0}
  serializedVersion: 4
  m_Component:
  - 4: {fileID: 2081459082}
  - 33: {fileID: 2081459084}
  - 23: {fileID: 2081459083}
  m_Layer: 0
  m_Name: _SOWA
  m_TagString: Untagged
  m_Icon: {fileID: 0}
  m_NavMeshLayer: 0
  m_StaticEditorFlags: 0
  m_IsActive: 1
--- !u!4 &2081459082
Transform:
  m_ObjectHideFlags: 0
  m_PrefabParentObject: {fileID: 400006, guid: 0e529127be85b3b4c853b55ca2fcd676, type: 3}
  m_PrefabInternal: {fileID: 0}
  m_GameObject: {fileID: 2081459081}
  m_LocalRotation: {x: -0.6123945, y: 0.3035714, z: 0.40296447, w: 0.60863537}
  m_LocalPosition: {x: 0.01883008, y: 0.81809115, z: 0.49053127}
  m_LocalScale: {x: 0.99999994, y: 0.99999994, z: 0.99999994}
  m_Children: []
  m_Father: {fileID: 643801235}
  m_RootOrder: 3
--- !u!23 &2081459083
MeshRenderer:
  m_ObjectHideFlags: 0
  m_PrefabParentObject: {fileID: 2300006, guid: 0e529127be85b3b4c853b55ca2fcd676,
    type: 3}
  m_PrefabInternal: {fileID: 0}
  m_GameObject: {fileID: 2081459081}
  m_Enabled: 1
  m_CastShadows: 1
  m_ReceiveShadows: 1
  m_Materials:
  - {fileID: 2100000, guid: 41b688bfb9892d1478e95a2e1e3762d3, type: 2}
  m_SubsetIndices: 
  m_StaticBatchRoot: {fileID: 0}
  m_UseLightProbes: 1
  m_ReflectionProbeUsage: 1
  m_ProbeAnchor: {fileID: 0}
  m_ScaleInLightmap: 1
  m_PreserveUVs: 0
  m_IgnoreNormalsForChartDetection: 0
  m_ImportantGI: 0
  m_MinimumChartSize: 4
  m_AutoUVMaxDistance: 0.5
  m_AutoUVMaxAngle: 89
  m_LightmapParameters: {fileID: 0}
  m_SortingLayerID: 0
  m_SortingOrder: 0
--- !u!33 &2081459084
MeshFilter:
  m_ObjectHideFlags: 0
  m_PrefabParentObject: {fileID: 3300006, guid: 0e529127be85b3b4c853b55ca2fcd676,
    type: 3}
  m_PrefabInternal: {fileID: 0}
  m_GameObject: {fileID: 2081459081}
  m_Mesh: {fileID: 4300004, guid: 0e529127be85b3b4c853b55ca2fcd676, type: 3}
