%YAML 1.1
%TAG !u! tag:unity3d.com,2011:
--- !u!29 &1
SceneSettings:
  m_ObjectHideFlags: 0
  m_PVSData: 
  m_PVSObjectsArray: []
  m_PVSPortalsArray: []
  m_OcclusionBakeSettings:
    smallestOccluder: 5
    smallestHole: 0.25
    backfaceThreshold: 100
--- !u!104 &2
RenderSettings:
  m_ObjectHideFlags: 0
  serializedVersion: 6
  m_Fog: 0
  m_FogColor: {r: 0.5, g: 0.5, b: 0.5, a: 1}
  m_FogMode: 3
  m_FogDensity: 0.01
  m_LinearFogStart: 0
  m_LinearFogEnd: 300
  m_AmbientSkyColor: {r: 0.212, g: 0.227, b: 0.259, a: 1}
  m_AmbientEquatorColor: {r: 0.114, g: 0.125, b: 0.133, a: 1}
  m_AmbientGroundColor: {r: 0.047, g: 0.043, b: 0.035, a: 1}
  m_AmbientIntensity: 1
  m_AmbientMode: 0
  m_SkyboxMaterial: {fileID: 10304, guid: 0000000000000000f000000000000000, type: 0}
  m_HaloStrength: 0.5
  m_FlareStrength: 1
  m_FlareFadeSpeed: 3
  m_HaloTexture: {fileID: 0}
  m_SpotCookie: {fileID: 10001, guid: 0000000000000000e000000000000000, type: 0}
  m_DefaultReflectionMode: 0
  m_DefaultReflectionResolution: 128
  m_ReflectionBounces: 1
  m_ReflectionIntensity: 1
  m_CustomReflection: {fileID: 0}
  m_Sun: {fileID: 0}
--- !u!157 &3
LightmapSettings:
  m_ObjectHideFlags: 0
  serializedVersion: 6
  m_GIWorkflowMode: 0
  m_LightmapsMode: 1
  m_GISettings:
    serializedVersion: 2
    m_BounceScale: 1
    m_IndirectOutputScale: 1
    m_AlbedoBoost: 1
    m_TemporalCoherenceThreshold: 1
    m_EnvironmentLightingMode: 0
    m_EnableBakedLightmaps: 1
    m_EnableRealtimeLightmaps: 1
  m_LightmapEditorSettings:
    serializedVersion: 3
    m_Resolution: 2
    m_BakeResolution: 40
    m_TextureWidth: 1024
    m_TextureHeight: 1024
    m_AOMaxDistance: 1
    m_Padding: 2
    m_CompAOExponent: 0
    m_LightmapParameters: {fileID: 0}
    m_TextureCompression: 1
    m_FinalGather: 0
    m_FinalGatherRayCount: 1024
    m_ReflectionCompression: 2
  m_LightingDataAsset: {fileID: 0}
  m_RuntimeCPUUsage: 25
--- !u!196 &4
NavMeshSettings:
  serializedVersion: 2
  m_ObjectHideFlags: 0
  m_BuildSettings:
    serializedVersion: 2
    agentRadius: 0.5
    agentHeight: 2
    agentSlope: 45
    agentClimb: 0.4
    ledgeDropHeight: 0
    maxJumpAcrossDistance: 0
    accuratePlacement: 0
    minRegionArea: 2
    cellSize: 0.16666667
    manualCellSize: 0
  m_NavMeshData: {fileID: 0}
--- !u!1 &257991664
GameObject:
  m_ObjectHideFlags: 0
  m_PrefabParentObject: {fileID: 0}
  m_PrefabInternal: {fileID: 0}
  serializedVersion: 4
  m_Component:
  - 4: {fileID: 257991666}
  - 114: {fileID: 257991665}
  m_Layer: 0
  m_Name: _OnSceneWasLoadedTrick
  m_TagString: Untagged
  m_Icon: {fileID: 0}
  m_NavMeshLayer: 0
  m_StaticEditorFlags: 4294967295
  m_IsActive: 1
--- !u!114 &257991665
MonoBehaviour:
  m_ObjectHideFlags: 0
  m_PrefabParentObject: {fileID: 0}
  m_PrefabInternal: {fileID: 0}
  m_GameObject: {fileID: 257991664}
  m_Enabled: 1
  m_EditorHideFlags: 0
  m_Script: {fileID: 11500000, guid: b4d9912928e61d044a17d3e882ec718d, type: 3}
  m_Name: 
  m_EditorClassIdentifier: 
--- !u!4 &257991666
Transform:
  m_ObjectHideFlags: 0
  m_PrefabParentObject: {fileID: 0}
  m_PrefabInternal: {fileID: 0}
  m_GameObject: {fileID: 257991664}
  m_LocalRotation: {x: 0, y: 0, z: 0, w: 1}
  m_LocalPosition: {x: 11.96, y: 11.35, z: 10.08}
  m_LocalScale: {x: 1, y: 1, z: 1}
  m_Children: []
  m_Father: {fileID: 0}
  m_RootOrder: 0
--- !u!1 &638906985
GameObject:
  m_ObjectHideFlags: 0
  m_PrefabParentObject: {fileID: 0}
  m_PrefabInternal: {fileID: 0}
  serializedVersion: 4
  m_Component:
  - 4: {fileID: 638906987}
  - 114: {fileID: 638906986}
  - 114: {fileID: 638906988}
  m_Layer: 0
  m_Name: PathMagic template
  m_TagString: Untagged
  m_Icon: {fileID: 0}
  m_NavMeshLayer: 0
  m_StaticEditorFlags: 0
  m_IsActive: 1
--- !u!114 &638906986
MonoBehaviour:
  m_ObjectHideFlags: 0
  m_PrefabParentObject: {fileID: 0}
  m_PrefabInternal: {fileID: 0}
  m_GameObject: {fileID: 638906985}
  m_Enabled: 1
  m_EditorHideFlags: 0
  m_Script: {fileID: 11500000, guid: 9553121615fd34b3eb74d198e87f0e43, type: 3}
  m_Name: 
  m_EditorClassIdentifier: 
  pathColor: {r: 0, g: 0, b: 0, a: 1}
  waypoints:
  - position: {x: 0, y: 0, z: 18.45}
    rotation: {x: 0, y: 0, z: 0}
    lookAt: {fileID: 0}
    inTangent: {x: -7.900001, y: 5.952835, z: -0.0000038146973}
    outTangent: {x: 7.900001, y: -5.952835, z: 0.0000038146973}
    symmetricTangents: 1
    velocity: 1
    inVariation: 1
    outVariation: 1
    reached:
      m_PersistentCalls:
        m_Calls: []
      m_TypeName: Jacovone.Waypoint+ReachedEvent, Assembly-CSharp, Version=0.0.0.0,
        Culture=neutral, PublicKeyToken=null
  - position: {x: 17.546993, y: 0, z: 5.7013636}
    rotation: {x: 0, y: 0, z: 0}
    lookAt: {fileID: 0}
    inTangent: {x: -2.4412346, y: 0.00000034531996, z: 7.5133467}
    outTangent: {x: 2.4412346, y: -0.00000034531996, z: -7.513346}
    symmetricTangents: 0
    velocity: 1
    inVariation: 1
    outVariation: 1
    reached:
      m_PersistentCalls:
        m_Calls: []
      m_TypeName: Jacovone.Waypoint+ReachedEvent, Assembly-CSharp, Version=0.0.0.0,
        Culture=neutral, PublicKeyToken=null
  - position: {x: 10.844637, y: 0, z: -14.926366}
    rotation: {x: 0, y: 0, z: 0}
    lookAt: {fileID: 0}
    inTangent: {x: 6.3912354, y: 0.00000034531996, z: 4.643503}
    outTangent: {x: -6.391235, y: -0.00000034531996, z: -4.643504}
    symmetricTangents: 0
    velocity: 1
    inVariation: 1
    outVariation: 1
    reached:
      m_PersistentCalls:
        m_Calls: []
      m_TypeName: Jacovone.Waypoint+ReachedEvent, Assembly-CSharp, Version=0.0.0.0,
        Culture=neutral, PublicKeyToken=null
  - position: {x: -10.844636, y: 0, z: -14.926366}
    rotation: {x: 0, y: 0, z: 0}
    lookAt: {fileID: 0}
    inTangent: {x: 6.391235, y: 0.00000034531996, z: -4.643502}
    outTangent: {x: -6.3912344, y: -0.00000034531996, z: 4.643502}
    symmetricTangents: 0
    velocity: 1
    inVariation: 1
    outVariation: 1
    reached:
      m_PersistentCalls:
        m_Calls: []
      m_TypeName: Jacovone.Waypoint+ReachedEvent, Assembly-CSharp, Version=0.0.0.0,
        Culture=neutral, PublicKeyToken=null
  - position: {x: -17.546993, y: 0, z: 5.701366}
    rotation: {x: 0, y: 0, z: 0}
    lookAt: {fileID: 0}
    inTangent: {x: -2.4412346, y: -16.433125, z: -7.513347}
    outTangent: {x: 2.4412346, y: 16.433125, z: 7.513347}
    symmetricTangents: 1
    velocity: 1
    inVariation: 1
    outVariation: 1
    reached:
      m_PersistentCalls:
        m_Calls: []
      m_TypeName: Jacovone.Waypoint+ReachedEvent, Assembly-CSharp, Version=0.0.0.0,
        Culture=neutral, PublicKeyToken=null
  target: {fileID: 1197925923}
  globalLookAt: {fileID: 0}
  globalFollowPath: 0
  globalFollowPathBias: 0.001
  updateMode: 0
  loop: 1
  autoStart: 0
  velocityBias: 0.31
  currentPos: 0
  isPlaying: 0
  waypointChanged:
    m_PersistentCalls:
      m_Calls: []
    m_TypeName: Jacovone.PathMagic+WaypointChangedEvent, Assembly-CSharp, Version=0.0.0.0,
      Culture=neutral, PublicKeyToken=null
  presampledPath: 1
  samplesNum: 100
  positionSamples:
  - {x: 0, y: 0, z: 18.45}
  - {x: 1.1911329, y: -0.8131398, z: 18.410322}
  - {x: 2.3684947, y: -1.4578726, z: 18.292803}
  - {x: 3.5289392, y: -1.948002, z: 18.099731}
  - {x: 4.6693196, y: -2.2973318, z: 17.833393}
  - {x: 5.7864914, y: -2.5196662, z: 17.496077}
  - {x: 6.877306, y: -2.6288087, z: 17.090065}
  - {x: 7.938619, y: -2.6385636, z: 16.617643}
  - {x: 8.967283, y: -2.562734, z: 16.081097}
  - {x: 9.960155, y: -2.4151242, z: 15.482713}
  - {x: 10.914086, y: -2.2095387, z: 14.8247795}
  - {x: 11.82593, y: -1.9597809, z: 14.109581}
  - {x: 12.692539, y: -1.6796544, z: 13.339401}
  - {x: 13.510773, y: -1.382963, z: 12.516527}
  - {x: 14.277479, y: -1.0835111, z: 11.643246}
  - {x: 14.989513, y: -0.79510266, z: 10.721844}
  - {x: 15.643731, y: -0.5315409, z: 9.754602}
  - {x: 16.236986, y: -0.30662987, z: 8.743812}
  - {x: 16.766132, y: -0.1341736, z: 7.6917567}
  - {x: 17.22802, y: -0.027975935, z: 6.600723}
  - {x: 17.61938, y: -0.000000010149172, z: 5.4734006}
  - {x: 17.93397, y: -0.000000051831055, z: 4.325817}
  - {x: 18.170515, y: -0.00000007957984, z: 3.168018}
  - {x: 18.33022, y: -0.00000009499704, z: 2.0037005}
  - {x: 18.414282, y: -0.000000099684144, z: 0.8365636}
  - {x: 18.423906, y: -0.00000009524267, z: -0.32969382}
  - {x: 18.360296, y: -0.00000008327411, z: -1.4913754}
  - {x: 18.224646, y: -0.00000006537993, z: -2.644781}
  - {x: 18.018171, y: -0.000000043161712, z: -3.786211}
  - {x: 17.742056, y: -0.000000018220874, z: -4.9119687}
  - {x: 17.397514, y: 0.00000000784101, z: -6.0183544}
  - {x: 16.985744, y: 0.000000033422403, z: -7.1016693}
  - {x: 16.50795, y: 0.000000056921863, z: -8.1582155}
  - {x: 15.965328, y: 0.00000007673784, z: -9.184294}
  - {x: 15.359084, y: 0.000000091268824, z: -10.176205}
  - {x: 14.69042, y: 0.00000009891332, z: -11.130254}
  - {x: 13.960536, y: 0.000000098069805, z: -12.042738}
  - {x: 13.170633, y: 0.000000087136755, z: -12.909961}
  - {x: 12.321913, y: 0.00000006451268, z: -13.728222}
  - {x: 11.415581, y: 0.000000028596062, z: -14.493827}
  - {x: 10.454241, y: -0.000000019677653, z: -15.202113}
  - {x: 9.452956, y: -0.00000005844466, z: -15.841712}
  - {x: 8.41862, y: -0.00000008359886, z: -16.410248}
  - {x: 7.355114, y: -0.00000009674174, z: -16.907713}
  - {x: 6.266333, y: -0.000000099474875, z: -17.334116}
  - {x: 5.156161, y: -0.00000009339968, z: -17.689447}
  - {x: 4.028491, y: -0.00000008011776, z: -17.973713}
  - {x: 2.8872082, y: -0.00000006123054, z: -18.18691}
  - {x: 1.7362056, y: -0.00000003833962, z: -18.329046}
  - {x: 0.57936776, y: -0.0000000130464315, z: -18.40011}
  - {x: -0.5794127, y: 0.0000000130474405, z: -18.40011}
  - {x: -1.7362497, y: 0.00000003834056, z: -18.32904}
  - {x: -2.8872533, y: 0.00000006123139, z: -18.186907}
  - {x: -4.028535, y: 0.00000008011839, z: -17.973701}
  - {x: -5.1562047, y: 0.000000093400075, z: -17.689434}
  - {x: -6.2663746, y: 0.00000009947493, z: -17.334099}
  - {x: -7.355157, y: 0.00000009674146, z: -16.907696}
  - {x: -8.41866, y: 0.00000008359811, z: -16.410225}
  - {x: -9.452996, y: 0.000000058443405, z: -15.841688}
  - {x: -10.454279, y: 0.00000001967583, z: -15.2020855}
  - {x: -11.415619, y: -0.043902896, z: -14.493797}
  - {x: -12.321949, y: -0.29591948, z: -13.728192}
  - {x: -13.170665, y: -0.7384669, z: -12.909927}
  - {x: -13.960564, y: -1.3334386, z: -12.042702}
  - {x: -14.690446, y: -2.0427284, z: -11.130216}
  - {x: -15.359109, y: -2.8282294, z: -10.176166}
  - {x: -15.96535, y: -3.6518357, z: -9.184253}
  - {x: -16.50797, y: -4.4754405, z: -8.158174}
  - {x: -16.985762, y: -5.260937, z: -7.1016254}
  - {x: -17.39753, y: -5.97022, z: -6.0183096}
  - {x: -17.74207, y: -6.565182, z: -4.9119234}
  - {x: -18.018177, y: -7.007717, z: -3.7861652}
  - {x: -18.224655, y: -7.2597184, z: -2.6447341}
  - {x: -18.3603, y: -7.2830796, z: -1.4913284}
  - {x: -18.423908, y: -7.0396953, z: -0.32964635}
  - {x: -18.41428, y: -6.491456, z: 0.83661354}
  - {x: -18.330214, y: -5.6002593, z: 2.0037522}
  - {x: -18.170506, y: -4.3279963, z: 3.1680713}
  - {x: -17.933956, y: -2.6365604, z: 4.3258724}
  - {x: -17.619366, y: -0.48784623, z: 5.473457}
  - {x: -17.227999, y: 1.8622695, z: 6.600779}
  - {x: -16.766108, y: 3.8382006, z: 7.6918135}
  - {x: -16.236958, y: 5.4459786, z: 8.743868}
  - {x: -15.643699, y: 6.709905, z: 9.754657}
  - {x: -14.989477, y: 7.6542845, z: 10.721896}
  - {x: -14.277437, y: 8.303419, z: 11.643297}
  - {x: -13.510727, y: 8.681609, z: 12.516576}
  - {x: -12.692491, y: 8.81316, z: 13.339447}
  - {x: -11.825877, y: 8.722372, z: 14.109623}
  - {x: -10.914029, y: 8.43355, z: 14.82482}
  - {x: -9.960095, y: 7.970994, z: 15.482751}
  - {x: -8.967222, y: 7.359009, z: 16.08113}
  - {x: -7.938554, y: 6.621895, z: 16.61767}
  - {x: -6.8772373, y: 5.7839565, z: 17.090088}
  - {x: -5.78642, y: 4.8694954, z: 17.496098}
  - {x: -4.6692457, y: 3.9028134, z: 17.833412}
  - {x: -3.5288625, y: 2.9082146, z: 18.099745}
  - {x: -2.3684156, y: 1.9100004, z: 18.29281}
  - {x: -1.1910516, y: 0.93247384, z: 18.410326}
  - {x: 0, y: 0, z: 18.45}
  rotationSamples:
  - {x: 0, y: 0, z: 0, w: 1}
  - {x: 0, y: 0, z: 0, w: 1}
  - {x: 0, y: 0, z: 0, w: 1}
  - {x: 0, y: 0, z: 0, w: 1}
  - {x: 0, y: 0, z: 0, w: 1}
  - {x: 0, y: 0, z: 0, w: 1}
  - {x: 0, y: 0, z: 0, w: 1}
  - {x: 0, y: 0, z: 0, w: 1}
  - {x: 0, y: 0, z: 0, w: 1}
  - {x: 0, y: 0, z: 0, w: 1}
  - {x: 0, y: 0, z: 0, w: 1}
  - {x: 0, y: 0, z: 0, w: 1}
  - {x: 0, y: 0, z: 0, w: 1}
  - {x: 0, y: 0, z: 0, w: 1}
  - {x: 0, y: 0, z: 0, w: 1}
  - {x: 0, y: 0, z: 0, w: 1}
  - {x: 0, y: 0, z: 0, w: 1}
  - {x: 0, y: 0, z: 0, w: 1}
  - {x: 0, y: 0, z: 0, w: 1}
  - {x: 0, y: 0, z: 0, w: 1}
  - {x: 0, y: 0, z: 0, w: 1}
  - {x: 0, y: 0, z: 0, w: 1}
  - {x: 0, y: 0, z: 0, w: 1}
  - {x: 0, y: 0, z: 0, w: 1}
  - {x: 0, y: 0, z: 0, w: 1}
  - {x: 0, y: 0, z: 0, w: 1}
  - {x: 0, y: 0, z: 0, w: 1}
  - {x: 0, y: 0, z: 0, w: 1}
  - {x: 0, y: 0, z: 0, w: 1}
  - {x: 0, y: 0, z: 0, w: 1}
  - {x: 0, y: 0, z: 0, w: 1}
  - {x: 0, y: 0, z: 0, w: 1}
  - {x: 0, y: 0, z: 0, w: 1}
  - {x: 0, y: 0, z: 0, w: 1}
  - {x: 0, y: 0, z: 0, w: 1}
  - {x: 0, y: 0, z: 0, w: 1}
  - {x: 0, y: 0, z: 0, w: 1}
  - {x: 0, y: 0, z: 0, w: 1}
  - {x: 0, y: 0, z: 0, w: 1}
  - {x: 0, y: 0, z: 0, w: 1}
  - {x: 0, y: 0, z: 0, w: 1}
  - {x: 0, y: 0, z: 0, w: 1}
  - {x: 0, y: 0, z: 0, w: 1}
  - {x: 0, y: 0, z: 0, w: 1}
  - {x: 0, y: 0, z: 0, w: 1}
  - {x: 0, y: 0, z: 0, w: 1}
  - {x: 0, y: 0, z: 0, w: 1}
  - {x: 0, y: 0, z: 0, w: 1}
  - {x: 0, y: 0, z: 0, w: 1}
  - {x: 0, y: 0, z: 0, w: 1}
  - {x: 0, y: 0, z: 0, w: 1}
  - {x: 0, y: 0, z: 0, w: 1}
  - {x: 0, y: 0, z: 0, w: 1}
  - {x: 0, y: 0, z: 0, w: 1}
  - {x: 0, y: 0, z: 0, w: 1}
  - {x: 0, y: 0, z: 0, w: 1}
  - {x: 0, y: 0, z: 0, w: 1}
  - {x: 0, y: 0, z: 0, w: 1}
  - {x: 0, y: 0, z: 0, w: 1}
  - {x: 0, y: 0, z: 0, w: 1}
  - {x: 0, y: 0, z: 0, w: 1}
  - {x: 0, y: 0, z: 0, w: 1}
  - {x: 0, y: 0, z: 0, w: 1}
  - {x: 0, y: 0, z: 0, w: 1}
  - {x: 0, y: 0, z: 0, w: 1}
  - {x: 0, y: 0, z: 0, w: 1}
  - {x: 0, y: 0, z: 0, w: 1}
  - {x: 0, y: 0, z: 0, w: 1}
  - {x: 0, y: 0, z: 0, w: 1}
  - {x: 0, y: 0, z: 0, w: 1}
  - {x: 0, y: 0, z: 0, w: 1}
  - {x: 0, y: 0, z: 0, w: 1}
  - {x: 0, y: 0, z: 0, w: 1}
  - {x: 0, y: 0, z: 0, w: 1}
  - {x: 0, y: 0, z: 0, w: 1}
  - {x: 0, y: 0, z: 0, w: 1}
  - {x: 0, y: 0, z: 0, w: 1}
  - {x: 0, y: 0, z: 0, w: 1}
  - {x: 0, y: 0, z: 0, w: 1}
  - {x: 0, y: 0, z: 0, w: 1}
  - {x: 0, y: 0, z: 0, w: 1}
  - {x: 0, y: 0, z: 0, w: 1}
  - {x: 0, y: 0, z: 0, w: 1}
  - {x: 0, y: 0, z: 0, w: 1}
  - {x: 0, y: 0, z: 0, w: 1}
  - {x: 0, y: 0, z: 0, w: 1}
  - {x: 0, y: 0, z: 0, w: 1}
  - {x: 0, y: 0, z: 0, w: 1}
  - {x: 0, y: 0, z: 0, w: 1}
  - {x: 0, y: 0, z: 0, w: 1}
  - {x: 0, y: 0, z: 0, w: 1}
  - {x: 0, y: 0, z: 0, w: 1}
  - {x: 0, y: 0, z: 0, w: 1}
  - {x: 0, y: 0, z: 0, w: 1}
  - {x: 0, y: 0, z: 0, w: 1}
  - {x: 0, y: 0, z: 0, w: 1}
  - {x: 0, y: 0, z: 0, w: 1}
  - {x: 0, y: 0, z: 0, w: 1}
  - {x: 0, y: 0, z: 0, w: 1}
  - {x: 0, y: 0, z: 0, w: 1}
  velocitySamples:
  - 1
  - 1.0000001
  - 1.0000001
  - 1.0000001
  - 1.0000001
  - 1.0000001
  - 1.0000001
  - 1
  - 1
  - 0.9999999
  - 1
  - 1
  - 1
  - 1
  - 1
  - 1
  - 1
  - 1
  - 1
  - 1
  - 0.99999994
  - 0.99999994
  - 1
  - 1
  - 0.99999994
  - 1
  - 1.0000001
  - 0.9999999
  - 1.0000001
  - 0.99999994
  - 1
  - 1
  - 1
  - 1
  - 1
  - 1
  - 1
  - 1
  - 1
  - 1
  - 1.0000001
  - 0.99999994
  - 1.0000001
  - 0.99999994
  - 1.0000001
  - 0.99999994
  - 1.0000001
  - 0.9999999
  - 1
  - 0.99999994
  - 1
  - 1
  - 1
  - 1
  - 1
  - 1
  - 1
  - 1
  - 1
  - 1
  - 1
  - 1.0000001
  - 1
  - 1
  - 1
  - 0.99999994
  - 1
  - 1
  - 1
  - 1
  - 1
  - 1
  - 1
  - 1
  - 1
  - 1
  - 1
  - 1
  - 0.99999994
  - 1
  - 1
  - 1.0000001
  - 1
  - 0.99999994
  - 0.99999994
  - 1
  - 0.99999994
  - 1
  - 0.99999994
  - 1
  - 1
  - 1
  - 1
  - 1
  - 1
  - 1
  - 1
  - 1
  - 1
  - 1
  waypointSamples: 00000000000000000000000000000000000000000000000000000000000000000000000000000000000000000000000000000000000000000000000000000000000000000000000000000000000000000100000001000000010000000100000001000000010000000100000001000000010000000100000001000000010000000100000001000000010000000100000001000000010000000100000001000000020000000200000002000000020000000200000002000000020000000200000002000000020000000200000002000000020000000200000002000000020000000200000002000000020000000200000003000000030000000300000003000000030000000300000003000000030000000300000003000000030000000300000003000000030000000300000003000000030000000300000003000000030000000400000004000000040000000400000004000000040000000400000004000000040000000400000004000000040000000400000004000000040000000400000004000000040000000400000000000000
  samplesDistances:
  - 0
  - 1.442764
  - 1.3474689
  - 1.2744155
  - 1.2220618
  - 1.1879764
  - 1.1690313
  - 1.16175
  - 1.1626618
  - 1.1686083
  - 1.1769143
  - 1.185473
  - 1.1927531
  - 1.1977702
  - 1.2000544
  - 1.1996473
  - 1.1970887
  - 1.193413
  - 1.1901917
  - 1.1895263
  - 1.1936505
  - 1.1899217
  - 1.1817158
  - 1.1752195
  - 1.1701603
  - 1.1662971
  - 1.1634219
  - 1.1613551
  - 1.1599543
  - 1.1591247
  - 1.1587917
  - 1.1589329
  - 1.1595592
  - 1.1607217
  - 1.1625056
  - 1.1650413
  - 1.1684854
  - 1.1730394
  - 1.1789309
  - 1.1864184
  - 1.194087
  - 1.1881319
  - 1.1802899
  - 1.1741025
  - 1.1693003
  - 1.1656512
  - 1.1629472
  - 1.1610253
  - 1.1597455
  - 1.1590185
  - 1.1587805
  - 1.159018
  - 1.1597462
  - 1.1610255
  - 1.1629477
  - 1.1656501
  - 1.1693017
  - 1.1741024
  - 1.1802903
  - 1.1881324
  - 1.194895
  - 1.2128881
  - 1.2592554
  - 1.3152992
  - 1.366913
  - 1.4051099
  - 1.4246918
  - 1.423236
  - 1.4005653
  - 1.3587525
  - 1.3026042
  - 1.2407273
  - 1.1870142
  - 1.1615895
  - 1.1886072
  - 1.2887285
  - 1.470888
  - 1.7319927
  - 2.0633502
  - 2.4561942
  - 2.635729
  - 2.3039103
  - 1.9929297
  - 1.7237054
  - 1.5018023
  - 1.3331753
  - 1.2220834
  - 1.1678755
  - 1.1629411
  - 1.1943163
  - 1.2477263
  - 1.3108697
  - 1.3745443
  - 1.4323797
  - 1.4801911
  - 1.5153657
  - 1.5364355
  - 1.542836
  - 1.5347815
  - 1.5131707
  totalDistance: 129.02618
--- !u!4 &638906987
Transform:
  m_ObjectHideFlags: 0
  m_PrefabParentObject: {fileID: 0}
  m_PrefabInternal: {fileID: 0}
  m_GameObject: {fileID: 638906985}
  m_LocalRotation: {x: 0, y: 0.7071068, z: 0, w: 0.7071068}
  m_LocalPosition: {x: 11.96, y: 11.35, z: 10.08}
  m_LocalScale: {x: 1, y: 1, z: 1}
  m_Children: []
  m_Father: {fileID: 0}
  m_RootOrder: 1
--- !u!114 &638906988
MonoBehaviour:
  m_ObjectHideFlags: 0
  m_PrefabParentObject: {fileID: 0}
  m_PrefabInternal: {fileID: 0}
  m_GameObject: {fileID: 638906985}
  m_Enabled: 1
  m_EditorHideFlags: 0
  m_Script: {fileID: 11500000, guid: 5db1757d101c03b4983210c08f6c9c40, type: 3}
  m_Name: 
  m_EditorClassIdentifier: 
--- !u!1 &1197925922
GameObject:
  m_ObjectHideFlags: 0
  m_PrefabParentObject: {fileID: 0}
  m_PrefabInternal: {fileID: 0}
  serializedVersion: 4
  m_Component:
  - 4: {fileID: 1197925923}
  m_Layer: 0
  m_Name: CameraRoot
  m_TagString: Untagged
  m_Icon: {fileID: 0}
  m_NavMeshLayer: 0
  m_StaticEditorFlags: 0
  m_IsActive: 1
--- !u!4 &1197925923
Transform:
  m_ObjectHideFlags: 0
  m_PrefabParentObject: {fileID: 0}
  m_PrefabInternal: {fileID: 0}
  m_GameObject: {fileID: 1197925922}
  m_LocalRotation: {x: 0, y: 0.7071068, z: 0, w: 0.7071068}
  m_LocalPosition: {x: 30.410004, y: 11.35, z: 10.079998}
  m_LocalScale: {x: 1, y: 1, z: 1}
  m_Children: []
  m_Father: {fileID: 0}
  m_RootOrder: 2
--- !u!1001 &1229340172
Prefab:
  m_ObjectHideFlags: 0
  serializedVersion: 2
  m_Modification:
    m_TransformParent: {fileID: 0}
    m_Modifications:
    - target: {fileID: 22404278, guid: 3ca05ab2e10458f4cb4b5f9d621ea6b7, type: 2}
      propertyPath: m_LocalPosition.x
      value: 0
      objectReference: {fileID: 0}
    - target: {fileID: 22404278, guid: 3ca05ab2e10458f4cb4b5f9d621ea6b7, type: 2}
      propertyPath: m_LocalPosition.y
      value: 0
      objectReference: {fileID: 0}
    - target: {fileID: 22404278, guid: 3ca05ab2e10458f4cb4b5f9d621ea6b7, type: 2}
      propertyPath: m_LocalPosition.z
      value: 0
      objectReference: {fileID: 0}
    - target: {fileID: 22404278, guid: 3ca05ab2e10458f4cb4b5f9d621ea6b7, type: 2}
      propertyPath: m_LocalRotation.x
      value: 0
      objectReference: {fileID: 0}
    - target: {fileID: 22404278, guid: 3ca05ab2e10458f4cb4b5f9d621ea6b7, type: 2}
      propertyPath: m_LocalRotation.y
      value: 0
      objectReference: {fileID: 0}
    - target: {fileID: 22404278, guid: 3ca05ab2e10458f4cb4b5f9d621ea6b7, type: 2}
      propertyPath: m_LocalRotation.z
      value: 0
      objectReference: {fileID: 0}
    - target: {fileID: 22404278, guid: 3ca05ab2e10458f4cb4b5f9d621ea6b7, type: 2}
      propertyPath: m_LocalRotation.w
      value: 1
      objectReference: {fileID: 0}
    - target: {fileID: 22404278, guid: 3ca05ab2e10458f4cb4b5f9d621ea6b7, type: 2}
      propertyPath: m_RootOrder
      value: 9
      objectReference: {fileID: 0}
    - target: {fileID: 22404278, guid: 3ca05ab2e10458f4cb4b5f9d621ea6b7, type: 2}
      propertyPath: m_AnchoredPosition.x
      value: 0
      objectReference: {fileID: 0}
    - target: {fileID: 22404278, guid: 3ca05ab2e10458f4cb4b5f9d621ea6b7, type: 2}
      propertyPath: m_AnchoredPosition.y
      value: 0
      objectReference: {fileID: 0}
    - target: {fileID: 22404278, guid: 3ca05ab2e10458f4cb4b5f9d621ea6b7, type: 2}
      propertyPath: m_SizeDelta.x
      value: 0
      objectReference: {fileID: 0}
    - target: {fileID: 22404278, guid: 3ca05ab2e10458f4cb4b5f9d621ea6b7, type: 2}
      propertyPath: m_SizeDelta.y
      value: 0
      objectReference: {fileID: 0}
    - target: {fileID: 22404278, guid: 3ca05ab2e10458f4cb4b5f9d621ea6b7, type: 2}
      propertyPath: m_AnchorMin.x
      value: 0
      objectReference: {fileID: 0}
    - target: {fileID: 22404278, guid: 3ca05ab2e10458f4cb4b5f9d621ea6b7, type: 2}
      propertyPath: m_AnchorMin.y
      value: 0
      objectReference: {fileID: 0}
    - target: {fileID: 22404278, guid: 3ca05ab2e10458f4cb4b5f9d621ea6b7, type: 2}
      propertyPath: m_AnchorMax.x
      value: 0
      objectReference: {fileID: 0}
    - target: {fileID: 22404278, guid: 3ca05ab2e10458f4cb4b5f9d621ea6b7, type: 2}
      propertyPath: m_AnchorMax.y
      value: 0
      objectReference: {fileID: 0}
    - target: {fileID: 22404278, guid: 3ca05ab2e10458f4cb4b5f9d621ea6b7, type: 2}
      propertyPath: m_Pivot.x
      value: 0
      objectReference: {fileID: 0}
    - target: {fileID: 22404278, guid: 3ca05ab2e10458f4cb4b5f9d621ea6b7, type: 2}
      propertyPath: m_Pivot.y
      value: 0
      objectReference: {fileID: 0}
    - target: {fileID: 22321064, guid: 3ca05ab2e10458f4cb4b5f9d621ea6b7, type: 2}
      propertyPath: m_Camera
      value: 
      objectReference: {fileID: 1400043151}
    m_RemovedComponents: []
  m_ParentPrefab: {fileID: 100100000, guid: 3ca05ab2e10458f4cb4b5f9d621ea6b7, type: 2}
  m_IsPrefabParent: 0
--- !u!1 &1400043147
GameObject:
  m_ObjectHideFlags: 0
  m_PrefabParentObject: {fileID: 0}
  m_PrefabInternal: {fileID: 0}
  serializedVersion: 4
  m_Component:
  - 4: {fileID: 1400043152}
  - 20: {fileID: 1400043151}
  - 92: {fileID: 1400043150}
  - 124: {fileID: 1400043149}
  - 81: {fileID: 1400043148}
  - 114: {fileID: 1400043153}
  - 114: {fileID: 1400043154}
  - 114: {fileID: 1400043155}
  m_Layer: 0
  m_Name: Main Camera
  m_TagString: MainCamera
  m_Icon: {fileID: 0}
  m_NavMeshLayer: 0
  m_StaticEditorFlags: 0
  m_IsActive: 1
--- !u!81 &1400043148
AudioListener:
  m_ObjectHideFlags: 0
  m_PrefabParentObject: {fileID: 0}
  m_PrefabInternal: {fileID: 0}
  m_GameObject: {fileID: 1400043147}
  m_Enabled: 1
--- !u!124 &1400043149
Behaviour:
  m_ObjectHideFlags: 0
  m_PrefabParentObject: {fileID: 0}
  m_PrefabInternal: {fileID: 0}
  m_GameObject: {fileID: 1400043147}
  m_Enabled: 1
--- !u!92 &1400043150
Behaviour:
  m_ObjectHideFlags: 0
  m_PrefabParentObject: {fileID: 0}
  m_PrefabInternal: {fileID: 0}
  m_GameObject: {fileID: 1400043147}
  m_Enabled: 1
--- !u!20 &1400043151
Camera:
  m_ObjectHideFlags: 0
  m_PrefabParentObject: {fileID: 0}
  m_PrefabInternal: {fileID: 0}
  m_GameObject: {fileID: 1400043147}
  m_Enabled: 1
  serializedVersion: 2
  m_ClearFlags: 1
  m_BackGroundColor: {r: 0.19215687, g: 0.3019608, b: 0.4745098, a: 0.019607844}
  m_NormalizedViewPortRect:
    serializedVersion: 2
    x: 0
    y: 0
    width: 1
    height: 1
  near clip plane: 0.3
  far clip plane: 1000
  field of view: 60
  orthographic: 0
  orthographic size: 5
  m_Depth: -1
  m_CullingMask:
    serializedVersion: 2
    m_Bits: 4294967295
  m_RenderingPath: -1
  m_TargetTexture: {fileID: 0}
  m_TargetDisplay: 1
  m_TargetEye: 3
  m_HDR: 0
  m_OcclusionCulling: 1
  m_StereoConvergence: 10
  m_StereoSeparation: 0.022
  m_StereoMirrorMode: 0
--- !u!4 &1400043152
Transform:
  m_ObjectHideFlags: 0
  m_PrefabParentObject: {fileID: 0}
  m_PrefabInternal: {fileID: 0}
  m_GameObject: {fileID: 1400043147}
  m_LocalRotation: {x: -0.10143129, y: 0.6999802, z: -0.10148643, w: -0.69959986}
  m_LocalPosition: {x: 30.410004, y: 11.35, z: 10.079998}
  m_LocalScale: {x: 1, y: 1, z: 1}
  m_Children: []
  m_Father: {fileID: 0}
  m_RootOrder: 3
--- !u!114 &1400043153
MonoBehaviour:
  m_ObjectHideFlags: 0
  m_PrefabParentObject: {fileID: 0}
  m_PrefabInternal: {fileID: 0}
  m_GameObject: {fileID: 1400043147}
  m_Enabled: 1
  m_EditorHideFlags: 0
  m_Script: {fileID: 11500000, guid: 43a312f4d71b5524c88f4c1fd82a09c5, type: 3}
  m_Name: 
  m_EditorClassIdentifier: 
  dampTime: 0.15
  target: {fileID: 1197925923}
--- !u!114 &1400043154
MonoBehaviour:
  m_ObjectHideFlags: 0
  m_PrefabParentObject: {fileID: 0}
  m_PrefabInternal: {fileID: 0}
  m_GameObject: {fileID: 1400043147}
  m_Enabled: 1
  m_EditorHideFlags: 0
  m_Script: {fileID: 11500000, guid: 98d21c77e53e3be46bd726f30cb39342, type: 3}
  m_Name: 
  m_EditorClassIdentifier: 
  target: {fileID: 0}
--- !u!114 &1400043155
MonoBehaviour:
  m_ObjectHideFlags: 0
  m_PrefabParentObject: {fileID: 0}
  m_PrefabInternal: {fileID: 0}
  m_GameObject: {fileID: 1400043147}
  m_Enabled: 1
  m_EditorHideFlags: 0
  m_Script: {fileID: 11500000, guid: 2e2d19e609912794bbc906009e1d5bdb, type: 3}
  m_Name: 
  m_EditorClassIdentifier: 
  enableMirror: 1
